%YAML 1.1
%TAG !u! tag:unity3d.com,2011:
--- !u!29 &1
OcclusionCullingSettings:
  m_ObjectHideFlags: 0
  serializedVersion: 2
  m_OcclusionBakeSettings:
    smallestOccluder: 5
    smallestHole: 0.25
    backfaceThreshold: 100
  m_SceneGUID: 00000000000000000000000000000000
  m_OcclusionCullingData: {fileID: 0}
--- !u!104 &2
RenderSettings:
  m_ObjectHideFlags: 0
  serializedVersion: 9
  m_Fog: 0
  m_FogColor: {r: 0.5, g: 0.5, b: 0.5, a: 1}
  m_FogMode: 3
  m_FogDensity: 0.01
  m_LinearFogStart: 0
  m_LinearFogEnd: 300
  m_AmbientSkyColor: {r: 0.212, g: 0.227, b: 0.259, a: 1}
  m_AmbientEquatorColor: {r: 0.114, g: 0.125, b: 0.133, a: 1}
  m_AmbientGroundColor: {r: 0.047, g: 0.043, b: 0.035, a: 1}
  m_AmbientIntensity: 1
  m_AmbientMode: 0
  m_SubtractiveShadowColor: {r: 0.42, g: 0.478, b: 0.627, a: 1}
  m_SkyboxMaterial: {fileID: 10304, guid: 0000000000000000f000000000000000, type: 0}
  m_HaloStrength: 0.5
  m_FlareStrength: 1
  m_FlareFadeSpeed: 3
  m_HaloTexture: {fileID: 0}
  m_SpotCookie: {fileID: 10001, guid: 0000000000000000e000000000000000, type: 0}
  m_DefaultReflectionMode: 0
  m_DefaultReflectionResolution: 128
  m_ReflectionBounces: 1
  m_ReflectionIntensity: 1
  m_CustomReflection: {fileID: 0}
  m_Sun: {fileID: 0}
  m_IndirectSpecularColor: {r: 0, g: 0, b: 0, a: 1}
  m_UseRadianceAmbientProbe: 0
--- !u!157 &3
LightmapSettings:
  m_ObjectHideFlags: 0
  serializedVersion: 11
  m_GIWorkflowMode: 1
  m_GISettings:
    serializedVersion: 2
    m_BounceScale: 1
    m_IndirectOutputScale: 1
    m_AlbedoBoost: 1
    m_EnvironmentLightingMode: 0
    m_EnableBakedLightmaps: 1
    m_EnableRealtimeLightmaps: 0
  m_LightmapEditorSettings:
    serializedVersion: 12
    m_Resolution: 2
    m_BakeResolution: 40
    m_AtlasSize: 1024
    m_AO: 0
    m_AOMaxDistance: 1
    m_CompAOExponent: 1
    m_CompAOExponentDirect: 0
    m_ExtractAmbientOcclusion: 0
    m_Padding: 2
    m_LightmapParameters: {fileID: 0}
    m_LightmapsBakeMode: 1
    m_TextureCompression: 1
    m_FinalGather: 0
    m_FinalGatherFiltering: 1
    m_FinalGatherRayCount: 256
    m_ReflectionCompression: 2
    m_MixedBakeMode: 2
    m_BakeBackend: 1
    m_PVRSampling: 1
    m_PVRDirectSampleCount: 32
    m_PVRSampleCount: 512
    m_PVRBounces: 2
    m_PVREnvironmentSampleCount: 256
    m_PVREnvironmentReferencePointCount: 2048
    m_PVRFilteringMode: 1
    m_PVRDenoiserTypeDirect: 1
    m_PVRDenoiserTypeIndirect: 1
    m_PVRDenoiserTypeAO: 1
    m_PVRFilterTypeDirect: 0
    m_PVRFilterTypeIndirect: 0
    m_PVRFilterTypeAO: 0
    m_PVREnvironmentMIS: 1
    m_PVRCulling: 1
    m_PVRFilteringGaussRadiusDirect: 1
    m_PVRFilteringGaussRadiusIndirect: 5
    m_PVRFilteringGaussRadiusAO: 2
    m_PVRFilteringAtrousPositionSigmaDirect: 0.5
    m_PVRFilteringAtrousPositionSigmaIndirect: 2
    m_PVRFilteringAtrousPositionSigmaAO: 1
    m_ExportTrainingData: 0
    m_TrainingDataDestination: TrainingData
    m_LightProbeSampleCountMultiplier: 4
  m_LightingDataAsset: {fileID: 0}
  m_UseShadowmask: 1
--- !u!196 &4
NavMeshSettings:
  serializedVersion: 2
  m_ObjectHideFlags: 0
  m_BuildSettings:
    serializedVersion: 2
    agentTypeID: 0
    agentRadius: 0.5
    agentHeight: 2
    agentSlope: 45
    agentClimb: 0.4
    ledgeDropHeight: 0
    maxJumpAcrossDistance: 0
    minRegionArea: 2
    manualCellSize: 0
    cellSize: 0.16666667
    manualTileSize: 0
    tileSize: 256
    accuratePlacement: 0
    debug:
      m_Flags: 0
  m_NavMeshData: {fileID: 23800000, guid: 4a04d2bb488cd564eb9070c941adc82b, type: 2}
--- !u!1 &380514154
GameObject:
  m_ObjectHideFlags: 0
  m_CorrespondingSourceObject: {fileID: 0}
  m_PrefabInstance: {fileID: 0}
  m_PrefabAsset: {fileID: 0}
  serializedVersion: 6
  m_Component:
  - component: {fileID: 380514158}
  - component: {fileID: 380514157}
  - component: {fileID: 380514156}
  - component: {fileID: 380514155}
  m_Layer: 0
  m_Name: Cube
  m_TagString: Untagged
  m_Icon: {fileID: 0}
  m_NavMeshLayer: 0
  m_StaticEditorFlags: 4294967295
  m_IsActive: 1
--- !u!65 &380514155
BoxCollider:
  m_ObjectHideFlags: 0
  m_CorrespondingSourceObject: {fileID: 0}
  m_PrefabInstance: {fileID: 0}
  m_PrefabAsset: {fileID: 0}
  m_GameObject: {fileID: 380514154}
  m_Material: {fileID: 0}
  m_IsTrigger: 0
  m_Enabled: 1
  serializedVersion: 2
  m_Size: {x: 1, y: 1, z: 1}
  m_Center: {x: 0, y: 0, z: 0}
--- !u!23 &380514156
MeshRenderer:
  m_ObjectHideFlags: 0
  m_CorrespondingSourceObject: {fileID: 0}
  m_PrefabInstance: {fileID: 0}
  m_PrefabAsset: {fileID: 0}
  m_GameObject: {fileID: 380514154}
  m_Enabled: 1
  m_CastShadows: 1
  m_ReceiveShadows: 1
  m_DynamicOccludee: 1
  m_MotionVectors: 1
  m_LightProbeUsage: 1
  m_ReflectionProbeUsage: 1
  m_RayTracingMode: 2
  m_RenderingLayerMask: 1
  m_RendererPriority: 0
  m_Materials:
  - {fileID: 2100000, guid: 31321ba15b8f8eb4c954353edc038b1d, type: 2}
  m_StaticBatchInfo:
    firstSubMesh: 0
    subMeshCount: 0
  m_StaticBatchRoot: {fileID: 0}
  m_ProbeAnchor: {fileID: 0}
  m_LightProbeVolumeOverride: {fileID: 0}
  m_ScaleInLightmap: 1
  m_ReceiveGI: 1
  m_PreserveUVs: 0
  m_IgnoreNormalsForChartDetection: 0
  m_ImportantGI: 0
  m_StitchLightmapSeams: 1
  m_SelectedEditorRenderState: 3
  m_MinimumChartSize: 4
  m_AutoUVMaxDistance: 0.5
  m_AutoUVMaxAngle: 89
  m_LightmapParameters: {fileID: 0}
  m_SortingLayerID: 0
  m_SortingLayer: 0
  m_SortingOrder: 0
--- !u!33 &380514157
MeshFilter:
  m_ObjectHideFlags: 0
  m_CorrespondingSourceObject: {fileID: 0}
  m_PrefabInstance: {fileID: 0}
  m_PrefabAsset: {fileID: 0}
  m_GameObject: {fileID: 380514154}
  m_Mesh: {fileID: 10202, guid: 0000000000000000e000000000000000, type: 0}
--- !u!4 &380514158
Transform:
  m_ObjectHideFlags: 0
  m_CorrespondingSourceObject: {fileID: 0}
  m_PrefabInstance: {fileID: 0}
  m_PrefabAsset: {fileID: 0}
  m_GameObject: {fileID: 380514154}
  m_LocalRotation: {x: 0, y: 0, z: 0, w: 1}
  m_LocalPosition: {x: -8.97, y: 2.0232012, z: -5.24}
  m_LocalScale: {x: 2.8612, y: 5.9733, z: 6.0319}
  m_Children: []
  m_Father: {fileID: 0}
  m_RootOrder: 6
  m_LocalEulerAnglesHint: {x: 0, y: 0, z: 0}
--- !u!1 &474766149
GameObject:
  m_ObjectHideFlags: 3
  m_CorrespondingSourceObject: {fileID: 0}
  m_PrefabInstance: {fileID: 0}
  m_PrefabAsset: {fileID: 0}
  serializedVersion: 6
  m_Component:
  - component: {fileID: 474766150}
  - component: {fileID: 474766153}
  - component: {fileID: 474766152}
  - component: {fileID: 474766151}
  m_Layer: 0
  m_Name: cm
  m_TagString: Untagged
  m_Icon: {fileID: 0}
  m_NavMeshLayer: 0
  m_StaticEditorFlags: 0
  m_IsActive: 1
--- !u!4 &474766150
Transform:
  m_ObjectHideFlags: 3
  m_CorrespondingSourceObject: {fileID: 0}
  m_PrefabInstance: {fileID: 0}
  m_PrefabAsset: {fileID: 0}
  m_GameObject: {fileID: 474766149}
  m_LocalRotation: {x: -0, y: -0, z: -0, w: 1}
  m_LocalPosition: {x: 0, y: 0, z: 0}
  m_LocalScale: {x: 1, y: 1, z: 1}
  m_Children: []
  m_Father: {fileID: 1514682926}
  m_RootOrder: 0
  m_LocalEulerAnglesHint: {x: 0, y: 0, z: 0}
--- !u!114 &474766151
MonoBehaviour:
  m_ObjectHideFlags: 3
  m_CorrespondingSourceObject: {fileID: 0}
  m_PrefabInstance: {fileID: 0}
  m_PrefabAsset: {fileID: 0}
  m_GameObject: {fileID: 474766149}
  m_Enabled: 1
  m_EditorHideFlags: 0
  m_Script: {fileID: 11500000, guid: f4044717213e31446939f7bd49c896ea, type: 3}
  m_Name: 
  m_EditorClassIdentifier: 
  m_TrackedObjectOffset: {x: 0, y: 1.24, z: 0}
  m_LookaheadTime: 0
  m_LookaheadSmoothing: 10
  m_LookaheadIgnoreY: 0
  m_HorizontalDamping: 0.5
  m_VerticalDamping: 0.5
  m_ScreenX: 0.5
  m_ScreenY: 0.5
  m_DeadZoneWidth: 0.221
  m_DeadZoneHeight: 0
  m_SoftZoneWidth: 0.8
  m_SoftZoneHeight: 0.8
  m_BiasX: 0
  m_BiasY: 0
  m_CenterOnActivate: 1
--- !u!114 &474766152
MonoBehaviour:
  m_ObjectHideFlags: 3
  m_CorrespondingSourceObject: {fileID: 0}
  m_PrefabInstance: {fileID: 0}
  m_PrefabAsset: {fileID: 0}
  m_GameObject: {fileID: 474766149}
  m_Enabled: 1
  m_EditorHideFlags: 0
  m_Script: {fileID: 11500000, guid: 9384ab8608cdc3d479fe89cd51eed48f, type: 3}
  m_Name: 
  m_EditorClassIdentifier: 
  m_BindingMode: 5
  m_FollowOffset: {x: 0, y: 2.5, z: -3}
  m_XDamping: 1
  m_YDamping: 1
  m_ZDamping: 1
  m_AngularDampingMode: 0
  m_PitchDamping: 0
  m_YawDamping: 0
  m_RollDamping: 0
  m_AngularDamping: 0
  m_Heading:
    m_Definition: 2
    m_VelocityFilterStrength: 4
    m_Bias: 0
  m_RecenterToTargetHeading:
    m_enabled: 0
    m_WaitTime: 1
    m_RecenteringTime: 2
    m_LegacyHeadingDefinition: -1
    m_LegacyVelocityFilterStrength: -1
  m_XAxis:
    Value: 0
    m_SpeedMode: 0
    m_MaxSpeed: 300
    m_AccelTime: 0.1
    m_DecelTime: 0.1
    m_InputAxisName: 
    m_InputAxisValue: 0
    m_InvertInput: 1
    m_MinValue: -180
    m_MaxValue: 180
    m_Wrap: 1
    m_Recentering:
      m_enabled: 0
      m_WaitTime: 1
      m_RecenteringTime: 2
      m_LegacyHeadingDefinition: -1
      m_LegacyVelocityFilterStrength: -1
  m_LegacyRadius: 3.4028235e+38
  m_LegacyHeightOffset: 3.4028235e+38
  m_LegacyHeadingBias: 3.4028235e+38
  m_HeadingIsSlave: 1
--- !u!114 &474766153
MonoBehaviour:
  m_ObjectHideFlags: 3
  m_CorrespondingSourceObject: {fileID: 0}
  m_PrefabInstance: {fileID: 0}
  m_PrefabAsset: {fileID: 0}
  m_GameObject: {fileID: 474766149}
  m_Enabled: 1
  m_EditorHideFlags: 0
  m_Script: {fileID: 11500000, guid: ac0b09e7857660247b1477e93731de29, type: 3}
  m_Name: 
  m_EditorClassIdentifier: 
--- !u!1 &813399779
GameObject:
  m_ObjectHideFlags: 0
  m_CorrespondingSourceObject: {fileID: 0}
  m_PrefabInstance: {fileID: 0}
  m_PrefabAsset: {fileID: 0}
  serializedVersion: 6
  m_Component:
  - component: {fileID: 813399783}
  - component: {fileID: 813399782}
  - component: {fileID: 813399781}
  - component: {fileID: 813399780}
  m_Layer: 0
  m_Name: Plane
  m_TagString: Untagged
  m_Icon: {fileID: 0}
  m_NavMeshLayer: 0
  m_StaticEditorFlags: 4294967295
  m_IsActive: 1
--- !u!64 &813399780
MeshCollider:
  m_ObjectHideFlags: 0
  m_CorrespondingSourceObject: {fileID: 0}
  m_PrefabInstance: {fileID: 0}
  m_PrefabAsset: {fileID: 0}
  m_GameObject: {fileID: 813399779}
  m_Material: {fileID: 0}
  m_IsTrigger: 0
  m_Enabled: 1
  serializedVersion: 3
  m_Convex: 0
  m_CookingOptions: 30
  m_Mesh: {fileID: 10209, guid: 0000000000000000e000000000000000, type: 0}
--- !u!23 &813399781
MeshRenderer:
  m_ObjectHideFlags: 0
  m_CorrespondingSourceObject: {fileID: 0}
  m_PrefabInstance: {fileID: 0}
  m_PrefabAsset: {fileID: 0}
  m_GameObject: {fileID: 813399779}
  m_Enabled: 1
  m_CastShadows: 1
  m_ReceiveShadows: 1
  m_DynamicOccludee: 1
  m_MotionVectors: 1
  m_LightProbeUsage: 1
  m_ReflectionProbeUsage: 1
  m_RayTracingMode: 2
  m_RenderingLayerMask: 1
  m_RendererPriority: 0
  m_Materials:
  - {fileID: 2100000, guid: 31321ba15b8f8eb4c954353edc038b1d, type: 2}
  m_StaticBatchInfo:
    firstSubMesh: 0
    subMeshCount: 0
  m_StaticBatchRoot: {fileID: 0}
  m_ProbeAnchor: {fileID: 0}
  m_LightProbeVolumeOverride: {fileID: 0}
  m_ScaleInLightmap: 1
  m_ReceiveGI: 1
  m_PreserveUVs: 0
  m_IgnoreNormalsForChartDetection: 0
  m_ImportantGI: 0
  m_StitchLightmapSeams: 1
  m_SelectedEditorRenderState: 3
  m_MinimumChartSize: 4
  m_AutoUVMaxDistance: 0.5
  m_AutoUVMaxAngle: 89
  m_LightmapParameters: {fileID: 0}
  m_SortingLayerID: 0
  m_SortingLayer: 0
  m_SortingOrder: 0
--- !u!33 &813399782
MeshFilter:
  m_ObjectHideFlags: 0
  m_CorrespondingSourceObject: {fileID: 0}
  m_PrefabInstance: {fileID: 0}
  m_PrefabAsset: {fileID: 0}
  m_GameObject: {fileID: 813399779}
  m_Mesh: {fileID: 10209, guid: 0000000000000000e000000000000000, type: 0}
--- !u!4 &813399783
Transform:
  m_ObjectHideFlags: 0
  m_CorrespondingSourceObject: {fileID: 0}
  m_PrefabInstance: {fileID: 0}
  m_PrefabAsset: {fileID: 0}
  m_GameObject: {fileID: 813399779}
  m_LocalRotation: {x: 0, y: 0, z: 0, w: 1}
  m_LocalPosition: {x: 0, y: 0, z: 0}
  m_LocalScale: {x: 2.4029, y: 2.4029, z: 2.4029}
  m_Children: []
  m_Father: {fileID: 0}
  m_RootOrder: 4
  m_LocalEulerAnglesHint: {x: 0, y: 0, z: 0}
--- !u!1 &919733159
GameObject:
  m_ObjectHideFlags: 0
  m_CorrespondingSourceObject: {fileID: 0}
  m_PrefabInstance: {fileID: 0}
  m_PrefabAsset: {fileID: 0}
  serializedVersion: 6
  m_Component:
  - component: {fileID: 919733161}
  - component: {fileID: 919733160}
  m_Layer: 0
  m_Name: Directional Light
  m_TagString: Untagged
  m_Icon: {fileID: 0}
  m_NavMeshLayer: 0
  m_StaticEditorFlags: 0
  m_IsActive: 1
--- !u!108 &919733160
Light:
  m_ObjectHideFlags: 0
  m_CorrespondingSourceObject: {fileID: 0}
  m_PrefabInstance: {fileID: 0}
  m_PrefabAsset: {fileID: 0}
  m_GameObject: {fileID: 919733159}
  m_Enabled: 1
  serializedVersion: 10
  m_Type: 1
  m_Shape: 0
  m_Color: {r: 1, g: 0.95686275, b: 0.8392157, a: 1}
  m_Intensity: 1
  m_Range: 10
  m_SpotAngle: 30
  m_InnerSpotAngle: 21.80208
  m_CookieSize: 10
  m_Shadows:
    m_Type: 2
    m_Resolution: -1
    m_CustomResolution: -1
    m_Strength: 1
    m_Bias: 0.05
    m_NormalBias: 0.4
    m_NearPlane: 0.2
    m_CullingMatrixOverride:
      e00: 1
      e01: 0
      e02: 0
      e03: 0
      e10: 0
      e11: 1
      e12: 0
      e13: 0
      e20: 0
      e21: 0
      e22: 1
      e23: 0
      e30: 0
      e31: 0
      e32: 0
      e33: 1
    m_UseCullingMatrixOverride: 0
  m_Cookie: {fileID: 0}
  m_DrawHalo: 0
  m_Flare: {fileID: 0}
  m_RenderMode: 0
  m_CullingMask:
    serializedVersion: 2
    m_Bits: 4294967295
  m_RenderingLayerMask: 1
  m_Lightmapping: 4
  m_LightShadowCasterMode: 0
  m_AreaSize: {x: 1, y: 1}
  m_BounceIntensity: 1
  m_ColorTemperature: 6570
  m_UseColorTemperature: 0
  m_BoundingSphereOverride: {x: 0, y: 0, z: 0, w: 0}
  m_UseBoundingSphereOverride: 0
  m_ShadowRadius: 0
  m_ShadowAngle: 0
--- !u!4 &919733161
Transform:
  m_ObjectHideFlags: 0
  m_CorrespondingSourceObject: {fileID: 0}
  m_PrefabInstance: {fileID: 0}
  m_PrefabAsset: {fileID: 0}
  m_GameObject: {fileID: 919733159}
  m_LocalRotation: {x: 0.40821788, y: -0.23456968, z: 0.10938163, w: 0.8754261}
  m_LocalPosition: {x: 0, y: 3, z: 0}
  m_LocalScale: {x: 1, y: 1, z: 1}
  m_Children: []
  m_Father: {fileID: 0}
  m_RootOrder: 2
  m_LocalEulerAnglesHint: {x: 50, y: -30, z: 0}
--- !u!1 &1007777598
GameObject:
  m_ObjectHideFlags: 0
  m_CorrespondingSourceObject: {fileID: 0}
  m_PrefabInstance: {fileID: 0}
  m_PrefabAsset: {fileID: 0}
  serializedVersion: 6
  m_Component:
  - component: {fileID: 1007777602}
  - component: {fileID: 1007777601}
  - component: {fileID: 1007777600}
  - component: {fileID: 1007777599}
  - component: {fileID: 1007777603}
  m_Layer: 0
  m_Name: Main Camera
  m_TagString: MainCamera
  m_Icon: {fileID: 0}
  m_NavMeshLayer: 0
  m_StaticEditorFlags: 0
  m_IsActive: 1
--- !u!114 &1007777599
MonoBehaviour:
  m_ObjectHideFlags: 0
  m_CorrespondingSourceObject: {fileID: 0}
  m_PrefabInstance: {fileID: 0}
  m_PrefabAsset: {fileID: 0}
  m_GameObject: {fileID: 1007777598}
  m_Enabled: 1
  m_EditorHideFlags: 0
  m_Script: {fileID: 11500000, guid: a79441f348de89743a2939f4d699eac1, type: 3}
  m_Name: 
  m_EditorClassIdentifier: 
  m_RenderShadows: 1
  m_RequiresDepthTextureOption: 2
  m_RequiresOpaqueTextureOption: 2
  m_CameraType: 0
  m_CameraOutput: 0
  m_Cameras: []
  m_RendererIndex: -1
  m_VolumeLayerMask:
    serializedVersion: 2
    m_Bits: 1
  m_VolumeTrigger: {fileID: 0}
  m_RenderPostProcessing: 0
  m_Antialiasing: 0
  m_AntialiasingQuality: 2
  m_StopNaN: 0
  m_Dithering: 0
  m_RequiresDepthTexture: 0
  m_RequiresColorTexture: 0
  m_Version: 2
--- !u!81 &1007777600
AudioListener:
  m_ObjectHideFlags: 0
  m_CorrespondingSourceObject: {fileID: 0}
  m_PrefabInstance: {fileID: 0}
  m_PrefabAsset: {fileID: 0}
  m_GameObject: {fileID: 1007777598}
  m_Enabled: 1
--- !u!20 &1007777601
Camera:
  m_ObjectHideFlags: 0
  m_CorrespondingSourceObject: {fileID: 0}
  m_PrefabInstance: {fileID: 0}
  m_PrefabAsset: {fileID: 0}
  m_GameObject: {fileID: 1007777598}
  m_Enabled: 1
  serializedVersion: 2
  m_ClearFlags: 1
  m_BackGroundColor: {r: 0.19215687, g: 0.3019608, b: 0.4745098, a: 0}
  m_projectionMatrixMode: 1
  m_GateFitMode: 2
  m_FOVAxisMode: 0
  m_SensorSize: {x: 36, y: 24}
  m_LensShift: {x: 0, y: 0}
  m_FocalLength: 50
  m_NormalizedViewPortRect:
    serializedVersion: 2
    x: 0
    y: 0
    width: 1
    height: 1
  near clip plane: 0.1
  far clip plane: 5000
  field of view: 40
  orthographic: 0
  orthographic size: 5
  m_Depth: -1
  m_CullingMask:
    serializedVersion: 2
    m_Bits: 4294967295
  m_RenderingPath: -1
  m_TargetTexture: {fileID: 0}
  m_TargetDisplay: 0
  m_TargetEye: 3
  m_HDR: 1
  m_AllowMSAA: 1
  m_AllowDynamicResolution: 0
  m_ForceIntoRT: 0
  m_OcclusionCulling: 1
  m_StereoConvergence: 10
  m_StereoSeparation: 0.022
--- !u!4 &1007777602
Transform:
  m_ObjectHideFlags: 0
  m_CorrespondingSourceObject: {fileID: 0}
  m_PrefabInstance: {fileID: 0}
  m_PrefabAsset: {fileID: 0}
  m_GameObject: {fileID: 1007777598}
  m_LocalRotation: {x: -0.13600467, y: 0.8639756, z: -0.33965707, w: -0.34595102}
  m_LocalPosition: {x: 5.921516, y: 4.1856885, z: -6.266897}
  m_LocalScale: {x: 1, y: 1, z: 1}
  m_Children: []
  m_Father: {fileID: 0}
  m_RootOrder: 0
  m_LocalEulerAnglesHint: {x: 0, y: 0, z: 0}
--- !u!114 &1007777603
MonoBehaviour:
  m_ObjectHideFlags: 0
  m_CorrespondingSourceObject: {fileID: 0}
  m_PrefabInstance: {fileID: 0}
  m_PrefabAsset: {fileID: 0}
  m_GameObject: {fileID: 1007777598}
  m_Enabled: 1
  m_EditorHideFlags: 0
  m_Script: {fileID: 11500000, guid: 72ece51f2901e7445ab60da3685d6b5f, type: 3}
  m_Name: 
  m_EditorClassIdentifier: 
  m_ShowDebugText: 0
  m_ShowCameraFrustum: 1
  m_IgnoreTimeScale: 0
  m_WorldUpOverride: {fileID: 0}
  m_UpdateMethod: 2
  m_BlendUpdateMethod: 1
  m_DefaultBlend:
    m_Style: 1
    m_Time: 2
    m_CustomCurve:
      serializedVersion: 2
      m_Curve: []
      m_PreInfinity: 2
      m_PostInfinity: 2
      m_RotationOrder: 4
  m_CustomBlends: {fileID: 0}
  m_CameraCutEvent:
    m_PersistentCalls:
      m_Calls: []
  m_CameraActivatedEvent:
    m_PersistentCalls:
      m_Calls: []
--- !u!1 &1115922819
GameObject:
  m_ObjectHideFlags: 0
  m_CorrespondingSourceObject: {fileID: 0}
  m_PrefabInstance: {fileID: 0}
  m_PrefabAsset: {fileID: 0}
  serializedVersion: 6
  m_Component:
  - component: {fileID: 1115922823}
  - component: {fileID: 1115922822}
  - component: {fileID: 1115922821}
  - component: {fileID: 1115922820}
  m_Layer: 0
  m_Name: Cube (5)
  m_TagString: Untagged
  m_Icon: {fileID: 0}
  m_NavMeshLayer: 0
  m_StaticEditorFlags: 4294967295
  m_IsActive: 1
--- !u!65 &1115922820
BoxCollider:
  m_ObjectHideFlags: 0
  m_CorrespondingSourceObject: {fileID: 0}
  m_PrefabInstance: {fileID: 0}
  m_PrefabAsset: {fileID: 0}
  m_GameObject: {fileID: 1115922819}
  m_Material: {fileID: 0}
  m_IsTrigger: 0
  m_Enabled: 1
  serializedVersion: 2
  m_Size: {x: 1, y: 1, z: 1}
  m_Center: {x: 0, y: 0, z: 0}
--- !u!23 &1115922821
MeshRenderer:
  m_ObjectHideFlags: 0
  m_CorrespondingSourceObject: {fileID: 0}
  m_PrefabInstance: {fileID: 0}
  m_PrefabAsset: {fileID: 0}
  m_GameObject: {fileID: 1115922819}
  m_Enabled: 1
  m_CastShadows: 1
  m_ReceiveShadows: 1
  m_DynamicOccludee: 1
  m_MotionVectors: 1
  m_LightProbeUsage: 1
  m_ReflectionProbeUsage: 1
  m_RayTracingMode: 2
  m_RenderingLayerMask: 1
  m_RendererPriority: 0
  m_Materials:
  - {fileID: 2100000, guid: 31321ba15b8f8eb4c954353edc038b1d, type: 2}
  m_StaticBatchInfo:
    firstSubMesh: 0
    subMeshCount: 0
  m_StaticBatchRoot: {fileID: 0}
  m_ProbeAnchor: {fileID: 0}
  m_LightProbeVolumeOverride: {fileID: 0}
  m_ScaleInLightmap: 1
  m_ReceiveGI: 1
  m_PreserveUVs: 0
  m_IgnoreNormalsForChartDetection: 0
  m_ImportantGI: 0
  m_StitchLightmapSeams: 1
  m_SelectedEditorRenderState: 3
  m_MinimumChartSize: 4
  m_AutoUVMaxDistance: 0.5
  m_AutoUVMaxAngle: 89
  m_LightmapParameters: {fileID: 0}
  m_SortingLayerID: 0
  m_SortingLayer: 0
  m_SortingOrder: 0
--- !u!33 &1115922822
MeshFilter:
  m_ObjectHideFlags: 0
  m_CorrespondingSourceObject: {fileID: 0}
  m_PrefabInstance: {fileID: 0}
  m_PrefabAsset: {fileID: 0}
  m_GameObject: {fileID: 1115922819}
  m_Mesh: {fileID: 10202, guid: 0000000000000000e000000000000000, type: 0}
--- !u!4 &1115922823
Transform:
  m_ObjectHideFlags: 0
  m_CorrespondingSourceObject: {fileID: 0}
  m_PrefabInstance: {fileID: 0}
  m_PrefabAsset: {fileID: 0}
  m_GameObject: {fileID: 1115922819}
  m_LocalRotation: {x: 0, y: 0, z: 0, w: 1}
  m_LocalPosition: {x: -6.2311, y: -1.4402, z: -1.01}
  m_LocalScale: {x: 2.8612, y: 5.9733, z: 6.0319}
  m_Children: []
  m_Father: {fileID: 0}
  m_RootOrder: 11
  m_LocalEulerAnglesHint: {x: 0, y: 0, z: 0}
--- !u!114 &1119863039 stripped
MonoBehaviour:
  m_CorrespondingSourceObject: {fileID: 1119863039, guid: 7cb02ceef9fafdd4c97b4ea6a2c47711,
    type: 3}
  m_PrefabInstance: {fileID: 5969727114978477911}
  m_PrefabAsset: {fileID: 0}
  m_GameObject: {fileID: 0}
  m_Enabled: 1
  m_EditorHideFlags: 0
  m_Script: {fileID: 11500000, guid: 5532b7395ff0d344bb677180b28cad9a, type: 3}
  m_Name: 
  m_EditorClassIdentifier: 
--- !u!114 &1269731372 stripped
MonoBehaviour:
  m_CorrespondingSourceObject: {fileID: 3052617099235544481, guid: 86a9c37bec105c0429d8f827db2e9590,
    type: 3}
  m_PrefabInstance: {fileID: 3052617100131130765}
  m_PrefabAsset: {fileID: 0}
  m_GameObject: {fileID: 0}
  m_Enabled: 1
  m_EditorHideFlags: 0
  m_Script: {fileID: 11500000, guid: e4f73db9c66673b4283a20d45dd44202, type: 3}
  m_Name: 
  m_EditorClassIdentifier: 
--- !u!1 &1412554259
GameObject:
  m_ObjectHideFlags: 0
  m_CorrespondingSourceObject: {fileID: 0}
  m_PrefabInstance: {fileID: 0}
  m_PrefabAsset: {fileID: 0}
  serializedVersion: 6
  m_Component:
  - component: {fileID: 1412554261}
  - component: {fileID: 1412554260}
  - component: {fileID: 1412554262}
  - component: {fileID: 1412554263}
  m_Layer: 0
  m_Name: CM_ThirdPerson
  m_TagString: Untagged
  m_Icon: {fileID: 0}
  m_NavMeshLayer: 0
  m_StaticEditorFlags: 0
  m_IsActive: 1
--- !u!114 &1412554260
MonoBehaviour:
  m_ObjectHideFlags: 0
  m_CorrespondingSourceObject: {fileID: 0}
  m_PrefabInstance: {fileID: 0}
  m_PrefabAsset: {fileID: 0}
  m_GameObject: {fileID: 1412554259}
  m_Enabled: 1
  m_EditorHideFlags: 0
  m_Script: {fileID: 11500000, guid: 319d2fe34a804e245819465c9505ea59, type: 3}
  m_Name: 
  m_EditorClassIdentifier: 
  m_ExcludedPropertiesInInspector:
  - m_Script
  m_LockStageInInspector: 
  m_StreamingVersion: 20170927
  m_Priority: 10
  m_StandbyUpdate: 2
  m_LookAt: {fileID: 5006512736330730247}
  m_Follow: {fileID: 5006512736330730247}
  m_CommonLens: 1
  m_Lens:
    FieldOfView: 40
    OrthographicSize: 10
    NearClipPlane: 0.1
    FarClipPlane: 5000
    Dutch: 0
    LensShift: {x: 0, y: 0}
  m_Transitions:
    m_BlendHint: 0
    m_InheritPosition: 0
    m_OnCameraLive:
      m_PersistentCalls:
        m_Calls: []
  m_LegacyBlendHint: 0
  m_YAxis:
    Value: 0.5
    m_SpeedMode: 0
    m_MaxSpeed: 2
    m_AccelTime: 0.2
    m_DecelTime: 0.1
    m_InputAxisName: Mouse Y
    m_InputAxisValue: 0
    m_InvertInput: 0
    m_MinValue: 0
    m_MaxValue: 1
    m_Wrap: 0
    m_Recentering:
      m_enabled: 0
      m_WaitTime: 1
      m_RecenteringTime: 2
      m_LegacyHeadingDefinition: -1
      m_LegacyVelocityFilterStrength: -1
  m_YAxisRecentering:
    m_enabled: 0
    m_WaitTime: 1
    m_RecenteringTime: 2
    m_LegacyHeadingDefinition: -1
    m_LegacyVelocityFilterStrength: -1
  m_XAxis:
    Value: 0
    m_SpeedMode: 0
    m_MaxSpeed: 300
    m_AccelTime: 0.1
    m_DecelTime: 0.1
    m_InputAxisName: Mouse X
    m_InputAxisValue: 0
    m_InvertInput: 1
    m_MinValue: -180
    m_MaxValue: 180
    m_Wrap: 1
    m_Recentering:
      m_enabled: 0
      m_WaitTime: 1
      m_RecenteringTime: 2
      m_LegacyHeadingDefinition: -1
      m_LegacyVelocityFilterStrength: -1
  m_Heading:
    m_Definition: 2
    m_VelocityFilterStrength: 4
    m_Bias: 0
  m_RecenterToTargetHeading:
    m_enabled: 0
    m_WaitTime: 1
    m_RecenteringTime: 2
    m_LegacyHeadingDefinition: -1
    m_LegacyVelocityFilterStrength: -1
  m_BindingMode: 5
  m_SplineCurvature: 0.2
  m_Orbits:
  - m_Height: 4.5
    m_Radius: 1.75
  - m_Height: 2.5
    m_Radius: 3
  - m_Height: 0.4
    m_Radius: 1.3
  m_LegacyHeadingBias: 3.4028235e+38
  m_Rigs:
  - {fileID: 1514682925}
  - {fileID: 1602706274}
  - {fileID: 1774881040}
--- !u!4 &1412554261
Transform:
  m_ObjectHideFlags: 0
  m_CorrespondingSourceObject: {fileID: 0}
  m_PrefabInstance: {fileID: 0}
  m_PrefabAsset: {fileID: 0}
  m_GameObject: {fileID: 1412554259}
  m_LocalRotation: {x: 0, y: 0, z: 0, w: 1}
  m_LocalPosition: {x: 6.190529, y: 2.5, z: -6.9990764}
  m_LocalScale: {x: 1, y: 1, z: 1}
  m_Children:
  - {fileID: 1514682926}
  - {fileID: 1602706275}
  - {fileID: 1774881041}
  m_Father: {fileID: 0}
  m_RootOrder: 5
  m_LocalEulerAnglesHint: {x: 0, y: 0, z: 0}
--- !u!114 &1412554262
MonoBehaviour:
  m_ObjectHideFlags: 0
  m_CorrespondingSourceObject: {fileID: 0}
  m_PrefabInstance: {fileID: 0}
  m_PrefabAsset: {fileID: 0}
  m_GameObject: {fileID: 1412554259}
  m_Enabled: 1
  m_EditorHideFlags: 0
  m_Script: {fileID: 11500000, guid: e501d18bb52cf8c40b1853ca4904654f, type: 3}
  m_Name: 
  m_EditorClassIdentifier: 
  m_CollideAgainst:
    serializedVersion: 2
    m_Bits: 1
  m_IgnoreTag: 
  m_TransparentLayers:
    serializedVersion: 2
    m_Bits: 0
  m_MinimumDistanceFromTarget: 0.1
  m_AvoidObstacles: 1
  m_DistanceLimit: 0
  m_MinimumOcclusionTime: 0
  m_CameraRadius: 0.1
  m_Strategy: 1
  m_MaximumEffort: 4
  m_SmoothingTime: 0
  m_Damping: 0
  m_DampingWhenOccluded: 0
  m_OptimalTargetDistance: 0
--- !u!114 &1412554263
MonoBehaviour:
  m_ObjectHideFlags: 0
  m_CorrespondingSourceObject: {fileID: 0}
  m_PrefabInstance: {fileID: 0}
  m_PrefabAsset: {fileID: 0}
  m_GameObject: {fileID: 1412554259}
  m_Enabled: 1
  m_EditorHideFlags: 0
  m_Script: {fileID: 11500000, guid: 44d70cc20219cd84593f67d248eafe36, type: 3}
  m_Name: 
  m_EditorClassIdentifier: 
  m_Offset: {x: 0.7, y: 1, z: -1.4}
  m_ApplyAfter: 1
  m_PreserveComposition: 0
--- !u!1 &1494427586
GameObject:
  m_ObjectHideFlags: 3
  m_CorrespondingSourceObject: {fileID: 0}
  m_PrefabInstance: {fileID: 0}
  m_PrefabAsset: {fileID: 0}
  serializedVersion: 6
  m_Component:
  - component: {fileID: 1494427587}
  - component: {fileID: 1494427590}
  - component: {fileID: 1494427589}
  - component: {fileID: 1494427588}
  m_Layer: 0
  m_Name: cm
  m_TagString: Untagged
  m_Icon: {fileID: 0}
  m_NavMeshLayer: 0
  m_StaticEditorFlags: 0
  m_IsActive: 1
--- !u!4 &1494427587
Transform:
  m_ObjectHideFlags: 3
  m_CorrespondingSourceObject: {fileID: 0}
  m_PrefabInstance: {fileID: 0}
  m_PrefabAsset: {fileID: 0}
  m_GameObject: {fileID: 1494427586}
  m_LocalRotation: {x: -0, y: -0, z: -0, w: 1}
  m_LocalPosition: {x: 0, y: 0, z: 0}
  m_LocalScale: {x: 1, y: 1, z: 1}
  m_Children: []
  m_Father: {fileID: 1602706275}
  m_RootOrder: 0
  m_LocalEulerAnglesHint: {x: 0, y: 0, z: 0}
--- !u!114 &1494427588
MonoBehaviour:
  m_ObjectHideFlags: 3
  m_CorrespondingSourceObject: {fileID: 0}
  m_PrefabInstance: {fileID: 0}
  m_PrefabAsset: {fileID: 0}
  m_GameObject: {fileID: 1494427586}
  m_Enabled: 1
  m_EditorHideFlags: 0
  m_Script: {fileID: 11500000, guid: f4044717213e31446939f7bd49c896ea, type: 3}
  m_Name: 
  m_EditorClassIdentifier: 
  m_TrackedObjectOffset: {x: 0, y: -0.29, z: 0}
  m_LookaheadTime: 0
  m_LookaheadSmoothing: 10
  m_LookaheadIgnoreY: 0
  m_HorizontalDamping: 0.5
  m_VerticalDamping: 0.5
  m_ScreenX: 0.5
  m_ScreenY: 0.5
  m_DeadZoneWidth: 0
  m_DeadZoneHeight: 0
  m_SoftZoneWidth: 0.8
  m_SoftZoneHeight: 0.8
  m_BiasX: 0
  m_BiasY: 0
  m_CenterOnActivate: 1
--- !u!114 &1494427589
MonoBehaviour:
  m_ObjectHideFlags: 3
  m_CorrespondingSourceObject: {fileID: 0}
  m_PrefabInstance: {fileID: 0}
  m_PrefabAsset: {fileID: 0}
  m_GameObject: {fileID: 1494427586}
  m_Enabled: 1
  m_EditorHideFlags: 0
  m_Script: {fileID: 11500000, guid: 9384ab8608cdc3d479fe89cd51eed48f, type: 3}
  m_Name: 
  m_EditorClassIdentifier: 
  m_BindingMode: 5
  m_FollowOffset: {x: 0, y: 2.5, z: -3}
  m_XDamping: 1
  m_YDamping: 1
  m_ZDamping: 1
  m_AngularDampingMode: 0
  m_PitchDamping: 0
  m_YawDamping: 0
  m_RollDamping: 0
  m_AngularDamping: 0
  m_Heading:
    m_Definition: 2
    m_VelocityFilterStrength: 4
    m_Bias: 0
  m_RecenterToTargetHeading:
    m_enabled: 0
    m_WaitTime: 1
    m_RecenteringTime: 2
    m_LegacyHeadingDefinition: -1
    m_LegacyVelocityFilterStrength: -1
  m_XAxis:
    Value: 0
    m_SpeedMode: 0
    m_MaxSpeed: 300
    m_AccelTime: 0.1
    m_DecelTime: 0.1
    m_InputAxisName: 
    m_InputAxisValue: 0
    m_InvertInput: 1
    m_MinValue: -180
    m_MaxValue: 180
    m_Wrap: 1
    m_Recentering:
      m_enabled: 0
      m_WaitTime: 1
      m_RecenteringTime: 2
      m_LegacyHeadingDefinition: -1
      m_LegacyVelocityFilterStrength: -1
  m_LegacyRadius: 3.4028235e+38
  m_LegacyHeightOffset: 3.4028235e+38
  m_LegacyHeadingBias: 3.4028235e+38
  m_HeadingIsSlave: 1
--- !u!114 &1494427590
MonoBehaviour:
  m_ObjectHideFlags: 3
  m_CorrespondingSourceObject: {fileID: 0}
  m_PrefabInstance: {fileID: 0}
  m_PrefabAsset: {fileID: 0}
  m_GameObject: {fileID: 1494427586}
  m_Enabled: 1
  m_EditorHideFlags: 0
  m_Script: {fileID: 11500000, guid: ac0b09e7857660247b1477e93731de29, type: 3}
  m_Name: 
  m_EditorClassIdentifier: 
--- !u!1 &1514682924
GameObject:
  m_ObjectHideFlags: 3
  m_CorrespondingSourceObject: {fileID: 0}
  m_PrefabInstance: {fileID: 0}
  m_PrefabAsset: {fileID: 0}
  serializedVersion: 6
  m_Component:
  - component: {fileID: 1514682926}
  - component: {fileID: 1514682925}
  m_Layer: 0
  m_Name: TopRig
  m_TagString: Untagged
  m_Icon: {fileID: 0}
  m_NavMeshLayer: 0
  m_StaticEditorFlags: 0
  m_IsActive: 1
--- !u!114 &1514682925
MonoBehaviour:
  m_ObjectHideFlags: 3
  m_CorrespondingSourceObject: {fileID: 0}
  m_PrefabInstance: {fileID: 0}
  m_PrefabAsset: {fileID: 0}
  m_GameObject: {fileID: 1514682924}
  m_Enabled: 1
  m_EditorHideFlags: 0
  m_Script: {fileID: 11500000, guid: 45e653bab7fb20e499bda25e1b646fea, type: 3}
  m_Name: 
  m_EditorClassIdentifier: 
  m_ExcludedPropertiesInInspector:
  - m_Script
  - Header
  - Extensions
  - m_Priority
  - m_Transitions
  - m_Follow
  - m_StandbyUpdate
  - m_Lens
  m_LockStageInInspector: 00000000
  m_StreamingVersion: 20170927
  m_Priority: 10
  m_StandbyUpdate: 2
  m_LookAt: {fileID: 0}
  m_Follow: {fileID: 0}
  m_Lens:
    FieldOfView: 40
    OrthographicSize: 10
    NearClipPlane: 0.1
    FarClipPlane: 5000
    Dutch: 0
    LensShift: {x: 0, y: 0}
  m_Transitions:
    m_BlendHint: 0
    m_InheritPosition: 0
    m_OnCameraLive:
      m_PersistentCalls:
        m_Calls: []
  m_LegacyBlendHint: 0
  m_ComponentOwner: {fileID: 474766150}
--- !u!4 &1514682926
Transform:
  m_ObjectHideFlags: 3
  m_CorrespondingSourceObject: {fileID: 0}
  m_PrefabInstance: {fileID: 0}
  m_PrefabAsset: {fileID: 0}
  m_GameObject: {fileID: 1514682924}
  m_LocalRotation: {x: -0.07341785, y: 0.91005605, z: -0.1833542, w: -0.3644024}
  m_LocalPosition: {x: 0, y: 0, z: 0}
  m_LocalScale: {x: 1, y: 1, z: 1}
  m_Children:
  - {fileID: 474766150}
  m_Father: {fileID: 1412554261}
  m_RootOrder: 0
  m_LocalEulerAnglesHint: {x: 0, y: 0, z: 0}
--- !u!1 &1598669401
GameObject:
  m_ObjectHideFlags: 3
  m_CorrespondingSourceObject: {fileID: 0}
  m_PrefabInstance: {fileID: 0}
  m_PrefabAsset: {fileID: 0}
  serializedVersion: 6
  m_Component:
  - component: {fileID: 1598669402}
  - component: {fileID: 1598669405}
  - component: {fileID: 1598669404}
  - component: {fileID: 1598669403}
  m_Layer: 0
  m_Name: cm
  m_TagString: Untagged
  m_Icon: {fileID: 0}
  m_NavMeshLayer: 0
  m_StaticEditorFlags: 0
  m_IsActive: 1
--- !u!4 &1598669402
Transform:
  m_ObjectHideFlags: 3
  m_CorrespondingSourceObject: {fileID: 0}
  m_PrefabInstance: {fileID: 0}
  m_PrefabAsset: {fileID: 0}
  m_GameObject: {fileID: 1598669401}
  m_LocalRotation: {x: -0, y: -0, z: -0, w: 1}
  m_LocalPosition: {x: 0, y: 0, z: 0}
  m_LocalScale: {x: 1, y: 1, z: 1}
  m_Children: []
  m_Father: {fileID: 1774881041}
  m_RootOrder: 0
  m_LocalEulerAnglesHint: {x: 0, y: 0, z: 0}
--- !u!114 &1598669403
MonoBehaviour:
  m_ObjectHideFlags: 3
  m_CorrespondingSourceObject: {fileID: 0}
  m_PrefabInstance: {fileID: 0}
  m_PrefabAsset: {fileID: 0}
  m_GameObject: {fileID: 1598669401}
  m_Enabled: 1
  m_EditorHideFlags: 0
  m_Script: {fileID: 11500000, guid: f4044717213e31446939f7bd49c896ea, type: 3}
  m_Name: 
  m_EditorClassIdentifier: 
  m_TrackedObjectOffset: {x: 0, y: 1.4, z: 0}
  m_LookaheadTime: 0
  m_LookaheadSmoothing: 10
  m_LookaheadIgnoreY: 0
  m_HorizontalDamping: 0.5
  m_VerticalDamping: 0.5
  m_ScreenX: 0.5
  m_ScreenY: 0.5
  m_DeadZoneWidth: 0
  m_DeadZoneHeight: 0
  m_SoftZoneWidth: 0.8
  m_SoftZoneHeight: 0.8
  m_BiasX: 0
  m_BiasY: 0
  m_CenterOnActivate: 1
--- !u!114 &1598669404
MonoBehaviour:
  m_ObjectHideFlags: 3
  m_CorrespondingSourceObject: {fileID: 0}
  m_PrefabInstance: {fileID: 0}
  m_PrefabAsset: {fileID: 0}
  m_GameObject: {fileID: 1598669401}
  m_Enabled: 1
  m_EditorHideFlags: 0
  m_Script: {fileID: 11500000, guid: 9384ab8608cdc3d479fe89cd51eed48f, type: 3}
  m_Name: 
  m_EditorClassIdentifier: 
  m_BindingMode: 5
  m_FollowOffset: {x: 0, y: 2.5, z: -3}
  m_XDamping: 1
  m_YDamping: 1
  m_ZDamping: 1
  m_AngularDampingMode: 0
  m_PitchDamping: 0
  m_YawDamping: 0
  m_RollDamping: 0
  m_AngularDamping: 0
  m_Heading:
    m_Definition: 2
    m_VelocityFilterStrength: 4
    m_Bias: 0
  m_RecenterToTargetHeading:
    m_enabled: 0
    m_WaitTime: 1
    m_RecenteringTime: 2
    m_LegacyHeadingDefinition: -1
    m_LegacyVelocityFilterStrength: -1
  m_XAxis:
    Value: 0
    m_SpeedMode: 0
    m_MaxSpeed: 300
    m_AccelTime: 0.1
    m_DecelTime: 0.1
    m_InputAxisName: 
    m_InputAxisValue: 0
    m_InvertInput: 1
    m_MinValue: -180
    m_MaxValue: 180
    m_Wrap: 1
    m_Recentering:
      m_enabled: 0
      m_WaitTime: 1
      m_RecenteringTime: 2
      m_LegacyHeadingDefinition: -1
      m_LegacyVelocityFilterStrength: -1
  m_LegacyRadius: 3.4028235e+38
  m_LegacyHeightOffset: 3.4028235e+38
  m_LegacyHeadingBias: 3.4028235e+38
  m_HeadingIsSlave: 1
--- !u!114 &1598669405
MonoBehaviour:
  m_ObjectHideFlags: 3
  m_CorrespondingSourceObject: {fileID: 0}
  m_PrefabInstance: {fileID: 0}
  m_PrefabAsset: {fileID: 0}
  m_GameObject: {fileID: 1598669401}
  m_Enabled: 1
  m_EditorHideFlags: 0
  m_Script: {fileID: 11500000, guid: ac0b09e7857660247b1477e93731de29, type: 3}
  m_Name: 
  m_EditorClassIdentifier: 
--- !u!1 &1602706273
GameObject:
  m_ObjectHideFlags: 3
  m_CorrespondingSourceObject: {fileID: 0}
  m_PrefabInstance: {fileID: 0}
  m_PrefabAsset: {fileID: 0}
  serializedVersion: 6
  m_Component:
  - component: {fileID: 1602706275}
  - component: {fileID: 1602706274}
  m_Layer: 0
  m_Name: MiddleRig
  m_TagString: Untagged
  m_Icon: {fileID: 0}
  m_NavMeshLayer: 0
  m_StaticEditorFlags: 0
  m_IsActive: 1
--- !u!114 &1602706274
MonoBehaviour:
  m_ObjectHideFlags: 3
  m_CorrespondingSourceObject: {fileID: 0}
  m_PrefabInstance: {fileID: 0}
  m_PrefabAsset: {fileID: 0}
  m_GameObject: {fileID: 1602706273}
  m_Enabled: 1
  m_EditorHideFlags: 0
  m_Script: {fileID: 11500000, guid: 45e653bab7fb20e499bda25e1b646fea, type: 3}
  m_Name: 
  m_EditorClassIdentifier: 
  m_ExcludedPropertiesInInspector:
  - m_Script
  - Header
  - Extensions
  - m_Priority
  - m_Transitions
  - m_Follow
  - m_StandbyUpdate
  - m_Lens
  m_LockStageInInspector: 00000000
  m_StreamingVersion: 20170927
  m_Priority: 10
  m_StandbyUpdate: 2
  m_LookAt: {fileID: 0}
  m_Follow: {fileID: 0}
  m_Lens:
    FieldOfView: 40
    OrthographicSize: 10
    NearClipPlane: 0.1
    FarClipPlane: 5000
    Dutch: 0
    LensShift: {x: 0, y: 0}
  m_Transitions:
    m_BlendHint: 0
    m_InheritPosition: 0
    m_OnCameraLive:
      m_PersistentCalls:
        m_Calls: []
  m_LegacyBlendHint: 0
  m_ComponentOwner: {fileID: 1494427587}
--- !u!4 &1602706275
Transform:
  m_ObjectHideFlags: 3
  m_CorrespondingSourceObject: {fileID: 0}
  m_PrefabInstance: {fileID: 0}
  m_PrefabAsset: {fileID: 0}
  m_GameObject: {fileID: 1602706273}
  m_LocalRotation: {x: -0.13600533, y: 0.86397547, z: -0.33965677, w: -0.34595132}
  m_LocalPosition: {x: 0, y: 0, z: 0}
  m_LocalScale: {x: 1, y: 1, z: 1}
  m_Children:
  - {fileID: 1494427587}
  m_Father: {fileID: 1412554261}
  m_RootOrder: 1
  m_LocalEulerAnglesHint: {x: 0, y: 0, z: 0}
--- !u!1 &1751933618
GameObject:
  m_ObjectHideFlags: 0
  m_CorrespondingSourceObject: {fileID: 0}
  m_PrefabInstance: {fileID: 0}
  m_PrefabAsset: {fileID: 0}
  serializedVersion: 6
  m_Component:
  - component: {fileID: 1751933622}
  - component: {fileID: 1751933621}
  - component: {fileID: 1751933620}
  - component: {fileID: 1751933619}
  m_Layer: 0
  m_Name: Cube (2)
  m_TagString: Untagged
  m_Icon: {fileID: 0}
  m_NavMeshLayer: 0
  m_StaticEditorFlags: 4294967295
  m_IsActive: 1
--- !u!65 &1751933619
BoxCollider:
  m_ObjectHideFlags: 0
  m_CorrespondingSourceObject: {fileID: 0}
  m_PrefabInstance: {fileID: 0}
  m_PrefabAsset: {fileID: 0}
  m_GameObject: {fileID: 1751933618}
  m_Material: {fileID: 0}
  m_IsTrigger: 0
  m_Enabled: 1
  serializedVersion: 2
  m_Size: {x: 1, y: 1, z: 1}
  m_Center: {x: 0, y: 0, z: 0}
--- !u!23 &1751933620
MeshRenderer:
  m_ObjectHideFlags: 0
  m_CorrespondingSourceObject: {fileID: 0}
  m_PrefabInstance: {fileID: 0}
  m_PrefabAsset: {fileID: 0}
  m_GameObject: {fileID: 1751933618}
  m_Enabled: 1
  m_CastShadows: 1
  m_ReceiveShadows: 1
  m_DynamicOccludee: 1
  m_MotionVectors: 1
  m_LightProbeUsage: 1
  m_ReflectionProbeUsage: 1
  m_RayTracingMode: 2
  m_RenderingLayerMask: 1
  m_RendererPriority: 0
  m_Materials:
  - {fileID: 2100000, guid: 31321ba15b8f8eb4c954353edc038b1d, type: 2}
  m_StaticBatchInfo:
    firstSubMesh: 0
    subMeshCount: 0
  m_StaticBatchRoot: {fileID: 0}
  m_ProbeAnchor: {fileID: 0}
  m_LightProbeVolumeOverride: {fileID: 0}
  m_ScaleInLightmap: 1
  m_ReceiveGI: 1
  m_PreserveUVs: 0
  m_IgnoreNormalsForChartDetection: 0
  m_ImportantGI: 0
  m_StitchLightmapSeams: 1
  m_SelectedEditorRenderState: 3
  m_MinimumChartSize: 4
  m_AutoUVMaxDistance: 0.5
  m_AutoUVMaxAngle: 89
  m_LightmapParameters: {fileID: 0}
  m_SortingLayerID: 0
  m_SortingLayer: 0
  m_SortingOrder: 0
--- !u!33 &1751933621
MeshFilter:
  m_ObjectHideFlags: 0
  m_CorrespondingSourceObject: {fileID: 0}
  m_PrefabInstance: {fileID: 0}
  m_PrefabAsset: {fileID: 0}
  m_GameObject: {fileID: 1751933618}
  m_Mesh: {fileID: 10202, guid: 0000000000000000e000000000000000, type: 0}
--- !u!4 &1751933622
Transform:
  m_ObjectHideFlags: 0
  m_CorrespondingSourceObject: {fileID: 0}
  m_PrefabInstance: {fileID: 0}
  m_PrefabAsset: {fileID: 0}
  m_GameObject: {fileID: 1751933618}
  m_LocalRotation: {x: 0, y: 0, z: 0, w: 1}
  m_LocalPosition: {x: 3.7, y: 2.0232012, z: 7.91}
  m_LocalScale: {x: 2.8612, y: 5.9733, z: 6.0319}
  m_Children: []
  m_Father: {fileID: 0}
  m_RootOrder: 8
  m_LocalEulerAnglesHint: {x: 0, y: 0, z: 0}
--- !u!1 &1774881039
GameObject:
  m_ObjectHideFlags: 3
  m_CorrespondingSourceObject: {fileID: 0}
  m_PrefabInstance: {fileID: 0}
  m_PrefabAsset: {fileID: 0}
  serializedVersion: 6
  m_Component:
  - component: {fileID: 1774881041}
  - component: {fileID: 1774881040}
  m_Layer: 0
  m_Name: BottomRig
  m_TagString: Untagged
  m_Icon: {fileID: 0}
  m_NavMeshLayer: 0
  m_StaticEditorFlags: 0
  m_IsActive: 1
--- !u!114 &1774881040
MonoBehaviour:
  m_ObjectHideFlags: 3
  m_CorrespondingSourceObject: {fileID: 0}
  m_PrefabInstance: {fileID: 0}
  m_PrefabAsset: {fileID: 0}
  m_GameObject: {fileID: 1774881039}
  m_Enabled: 1
  m_EditorHideFlags: 0
  m_Script: {fileID: 11500000, guid: 45e653bab7fb20e499bda25e1b646fea, type: 3}
  m_Name: 
  m_EditorClassIdentifier: 
  m_ExcludedPropertiesInInspector:
  - m_Script
  - Header
  - Extensions
  - m_Priority
  - m_Transitions
  - m_Follow
  - m_StandbyUpdate
  - m_Lens
  m_LockStageInInspector: 00000000
  m_StreamingVersion: 20170927
  m_Priority: 10
  m_StandbyUpdate: 2
  m_LookAt: {fileID: 0}
  m_Follow: {fileID: 0}
  m_Lens:
    FieldOfView: 40
    OrthographicSize: 10
    NearClipPlane: 0.1
    FarClipPlane: 5000
    Dutch: 0
    LensShift: {x: 0, y: 0}
  m_Transitions:
    m_BlendHint: 0
    m_InheritPosition: 0
    m_OnCameraLive:
      m_PersistentCalls:
        m_Calls: []
  m_LegacyBlendHint: 0
  m_ComponentOwner: {fileID: 1598669402}
--- !u!4 &1774881041
Transform:
  m_ObjectHideFlags: 3
  m_CorrespondingSourceObject: {fileID: 0}
  m_PrefabInstance: {fileID: 0}
  m_PrefabAsset: {fileID: 0}
  m_GameObject: {fileID: 1774881039}
  m_LocalRotation: {x: -0.064985104, y: 0.91404694, z: -0.16229226, w: -0.36600062}
  m_LocalPosition: {x: 0, y: 0, z: 0}
  m_LocalScale: {x: 1, y: 1, z: 1}
  m_Children:
  - {fileID: 1598669402}
  m_Father: {fileID: 1412554261}
  m_RootOrder: 2
  m_LocalEulerAnglesHint: {x: 0, y: 0, z: 0}
--- !u!1 &1794449012
GameObject:
  m_ObjectHideFlags: 0
  m_CorrespondingSourceObject: {fileID: 0}
  m_PrefabInstance: {fileID: 0}
  m_PrefabAsset: {fileID: 0}
  serializedVersion: 6
  m_Component:
  - component: {fileID: 1794449016}
  - component: {fileID: 1794449015}
  - component: {fileID: 1794449014}
  - component: {fileID: 1794449013}
  m_Layer: 0
  m_Name: Cube (1)
  m_TagString: Untagged
  m_Icon: {fileID: 0}
  m_NavMeshLayer: 0
  m_StaticEditorFlags: 4294967295
  m_IsActive: 1
--- !u!65 &1794449013
BoxCollider:
  m_ObjectHideFlags: 0
  m_CorrespondingSourceObject: {fileID: 0}
  m_PrefabInstance: {fileID: 0}
  m_PrefabAsset: {fileID: 0}
  m_GameObject: {fileID: 1794449012}
  m_Material: {fileID: 0}
  m_IsTrigger: 0
  m_Enabled: 1
  serializedVersion: 2
  m_Size: {x: 1, y: 1, z: 1}
  m_Center: {x: 0, y: 0, z: 0}
--- !u!23 &1794449014
MeshRenderer:
  m_ObjectHideFlags: 0
  m_CorrespondingSourceObject: {fileID: 0}
  m_PrefabInstance: {fileID: 0}
  m_PrefabAsset: {fileID: 0}
  m_GameObject: {fileID: 1794449012}
  m_Enabled: 1
  m_CastShadows: 1
  m_ReceiveShadows: 1
  m_DynamicOccludee: 1
  m_MotionVectors: 1
  m_LightProbeUsage: 1
  m_ReflectionProbeUsage: 1
  m_RayTracingMode: 2
  m_RenderingLayerMask: 1
  m_RendererPriority: 0
  m_Materials:
  - {fileID: 2100000, guid: 31321ba15b8f8eb4c954353edc038b1d, type: 2}
  m_StaticBatchInfo:
    firstSubMesh: 0
    subMeshCount: 0
  m_StaticBatchRoot: {fileID: 0}
  m_ProbeAnchor: {fileID: 0}
  m_LightProbeVolumeOverride: {fileID: 0}
  m_ScaleInLightmap: 1
  m_ReceiveGI: 1
  m_PreserveUVs: 0
  m_IgnoreNormalsForChartDetection: 0
  m_ImportantGI: 0
  m_StitchLightmapSeams: 1
  m_SelectedEditorRenderState: 3
  m_MinimumChartSize: 4
  m_AutoUVMaxDistance: 0.5
  m_AutoUVMaxAngle: 89
  m_LightmapParameters: {fileID: 0}
  m_SortingLayerID: 0
  m_SortingLayer: 0
  m_SortingOrder: 0
--- !u!33 &1794449015
MeshFilter:
  m_ObjectHideFlags: 0
  m_CorrespondingSourceObject: {fileID: 0}
  m_PrefabInstance: {fileID: 0}
  m_PrefabAsset: {fileID: 0}
  m_GameObject: {fileID: 1794449012}
  m_Mesh: {fileID: 10202, guid: 0000000000000000e000000000000000, type: 0}
--- !u!4 &1794449016
Transform:
  m_ObjectHideFlags: 0
  m_CorrespondingSourceObject: {fileID: 0}
  m_PrefabInstance: {fileID: 0}
  m_PrefabAsset: {fileID: 0}
  m_GameObject: {fileID: 1794449012}
  m_LocalRotation: {x: 0, y: 0, z: 0, w: 1}
  m_LocalPosition: {x: 10.52, y: 2.0232012, z: -5.24}
  m_LocalScale: {x: 2.8612, y: 5.9733, z: 6.0319}
  m_Children: []
  m_Father: {fileID: 0}
  m_RootOrder: 7
  m_LocalEulerAnglesHint: {x: 0, y: 0, z: 0}
--- !u!1 &2035140995
GameObject:
  m_ObjectHideFlags: 0
  m_CorrespondingSourceObject: {fileID: 0}
  m_PrefabInstance: {fileID: 0}
  m_PrefabAsset: {fileID: 0}
  serializedVersion: 6
  m_Component:
  - component: {fileID: 2035140999}
  - component: {fileID: 2035140998}
  - component: {fileID: 2035140997}
  - component: {fileID: 2035140996}
  m_Layer: 0
  m_Name: Cube (3)
  m_TagString: Untagged
  m_Icon: {fileID: 0}
  m_NavMeshLayer: 0
  m_StaticEditorFlags: 4294967295
  m_IsActive: 1
--- !u!65 &2035140996
BoxCollider:
  m_ObjectHideFlags: 0
  m_CorrespondingSourceObject: {fileID: 0}
  m_PrefabInstance: {fileID: 0}
  m_PrefabAsset: {fileID: 0}
  m_GameObject: {fileID: 2035140995}
  m_Material: {fileID: 0}
  m_IsTrigger: 0
  m_Enabled: 1
  serializedVersion: 2
  m_Size: {x: 1, y: 1, z: 1}
  m_Center: {x: 0, y: 0, z: 0}
--- !u!23 &2035140997
MeshRenderer:
  m_ObjectHideFlags: 0
  m_CorrespondingSourceObject: {fileID: 0}
  m_PrefabInstance: {fileID: 0}
  m_PrefabAsset: {fileID: 0}
  m_GameObject: {fileID: 2035140995}
  m_Enabled: 1
  m_CastShadows: 1
  m_ReceiveShadows: 1
  m_DynamicOccludee: 1
  m_MotionVectors: 1
  m_LightProbeUsage: 1
  m_ReflectionProbeUsage: 1
  m_RayTracingMode: 2
  m_RenderingLayerMask: 1
  m_RendererPriority: 0
  m_Materials:
  - {fileID: 2100000, guid: 31321ba15b8f8eb4c954353edc038b1d, type: 2}
  m_StaticBatchInfo:
    firstSubMesh: 0
    subMeshCount: 0
  m_StaticBatchRoot: {fileID: 0}
  m_ProbeAnchor: {fileID: 0}
  m_LightProbeVolumeOverride: {fileID: 0}
  m_ScaleInLightmap: 1
  m_ReceiveGI: 1
  m_PreserveUVs: 0
  m_IgnoreNormalsForChartDetection: 0
  m_ImportantGI: 0
  m_StitchLightmapSeams: 1
  m_SelectedEditorRenderState: 3
  m_MinimumChartSize: 4
  m_AutoUVMaxDistance: 0.5
  m_AutoUVMaxAngle: 89
  m_LightmapParameters: {fileID: 0}
  m_SortingLayerID: 0
  m_SortingLayer: 0
  m_SortingOrder: 0
--- !u!33 &2035140998
MeshFilter:
  m_ObjectHideFlags: 0
  m_CorrespondingSourceObject: {fileID: 0}
  m_PrefabInstance: {fileID: 0}
  m_PrefabAsset: {fileID: 0}
  m_GameObject: {fileID: 2035140995}
  m_Mesh: {fileID: 10202, guid: 0000000000000000e000000000000000, type: 0}
--- !u!4 &2035140999
Transform:
  m_ObjectHideFlags: 0
  m_CorrespondingSourceObject: {fileID: 0}
  m_PrefabInstance: {fileID: 0}
  m_PrefabAsset: {fileID: 0}
  m_GameObject: {fileID: 2035140995}
  m_LocalRotation: {x: -0, y: 0.3935401, z: -0, w: 0.9193075}
  m_LocalPosition: {x: -2.12, y: 2.0232012, z: -9.26}
  m_LocalScale: {x: 2.8612, y: 5.9733, z: 6.0319}
  m_Children: []
  m_Father: {fileID: 0}
  m_RootOrder: 9
  m_LocalEulerAnglesHint: {x: 0, y: 46.350002, z: 0}
--- !u!1 &2135611095
GameObject:
  m_ObjectHideFlags: 0
  m_CorrespondingSourceObject: {fileID: 0}
  m_PrefabInstance: {fileID: 0}
  m_PrefabAsset: {fileID: 0}
  serializedVersion: 6
  m_Component:
  - component: {fileID: 2135611099}
  - component: {fileID: 2135611098}
  - component: {fileID: 2135611097}
  - component: {fileID: 2135611096}
  m_Layer: 0
  m_Name: Cube (4)
  m_TagString: Untagged
  m_Icon: {fileID: 0}
  m_NavMeshLayer: 0
  m_StaticEditorFlags: 4294967295
  m_IsActive: 1
--- !u!65 &2135611096
BoxCollider:
  m_ObjectHideFlags: 0
  m_CorrespondingSourceObject: {fileID: 0}
  m_PrefabInstance: {fileID: 0}
  m_PrefabAsset: {fileID: 0}
  m_GameObject: {fileID: 2135611095}
  m_Material: {fileID: 0}
  m_IsTrigger: 0
  m_Enabled: 1
  serializedVersion: 2
  m_Size: {x: 1, y: 1, z: 1}
  m_Center: {x: 0, y: 0, z: 0}
--- !u!23 &2135611097
MeshRenderer:
  m_ObjectHideFlags: 0
  m_CorrespondingSourceObject: {fileID: 0}
  m_PrefabInstance: {fileID: 0}
  m_PrefabAsset: {fileID: 0}
  m_GameObject: {fileID: 2135611095}
  m_Enabled: 1
  m_CastShadows: 1
  m_ReceiveShadows: 1
  m_DynamicOccludee: 1
  m_MotionVectors: 1
  m_LightProbeUsage: 1
  m_ReflectionProbeUsage: 1
  m_RayTracingMode: 2
  m_RenderingLayerMask: 1
  m_RendererPriority: 0
  m_Materials:
  - {fileID: 2100000, guid: 31321ba15b8f8eb4c954353edc038b1d, type: 2}
  m_StaticBatchInfo:
    firstSubMesh: 0
    subMeshCount: 0
  m_StaticBatchRoot: {fileID: 0}
  m_ProbeAnchor: {fileID: 0}
  m_LightProbeVolumeOverride: {fileID: 0}
  m_ScaleInLightmap: 1
  m_ReceiveGI: 1
  m_PreserveUVs: 0
  m_IgnoreNormalsForChartDetection: 0
  m_ImportantGI: 0
  m_StitchLightmapSeams: 1
  m_SelectedEditorRenderState: 3
  m_MinimumChartSize: 4
  m_AutoUVMaxDistance: 0.5
  m_AutoUVMaxAngle: 89
  m_LightmapParameters: {fileID: 0}
  m_SortingLayerID: 0
  m_SortingLayer: 0
  m_SortingOrder: 0
--- !u!33 &2135611098
MeshFilter:
  m_ObjectHideFlags: 0
  m_CorrespondingSourceObject: {fileID: 0}
  m_PrefabInstance: {fileID: 0}
  m_PrefabAsset: {fileID: 0}
  m_GameObject: {fileID: 2135611095}
  m_Mesh: {fileID: 10202, guid: 0000000000000000e000000000000000, type: 0}
--- !u!4 &2135611099
Transform:
  m_ObjectHideFlags: 0
  m_CorrespondingSourceObject: {fileID: 0}
  m_PrefabInstance: {fileID: 0}
  m_PrefabAsset: {fileID: 0}
  m_GameObject: {fileID: 2135611095}
  m_LocalRotation: {x: -0, y: -0, z: -0.8008331, w: 0.5988876}
  m_LocalPosition: {x: -2.34, y: -0.67, z: -1.01}
  m_LocalScale: {x: 2.8612, y: 5.9733, z: 6.0319}
  m_Children: []
  m_Father: {fileID: 0}
  m_RootOrder: 10
  m_LocalEulerAnglesHint: {x: 0, y: 0, z: -106.41901}
--- !u!1001 &3052617100131130765
PrefabInstance:
  m_ObjectHideFlags: 0
  serializedVersion: 2
  m_Modification:
    m_TransformParent: {fileID: 0}
    m_Modifications:
    - target: {fileID: 21192029548610212, guid: 86a9c37bec105c0429d8f827db2e9590,
        type: 3}
      propertyPath: m_LocalEulerAnglesHint.x
      value: -14.520496
      objectReference: {fileID: 0}
    - target: {fileID: 21192029548610212, guid: 86a9c37bec105c0429d8f827db2e9590,
        type: 3}
      propertyPath: m_LocalEulerAnglesHint.y
      value: 1.7669845
      objectReference: {fileID: 0}
    - target: {fileID: 21192029548610212, guid: 86a9c37bec105c0429d8f827db2e9590,
        type: 3}
      propertyPath: m_LocalEulerAnglesHint.z
      value: -15.055407
      objectReference: {fileID: 0}
    - target: {fileID: 137318599413094744, guid: 86a9c37bec105c0429d8f827db2e9590,
        type: 3}
      propertyPath: m_LocalEulerAnglesHint.x
      value: -4.5453296
      objectReference: {fileID: 0}
    - target: {fileID: 137318599413094744, guid: 86a9c37bec105c0429d8f827db2e9590,
        type: 3}
      propertyPath: m_LocalEulerAnglesHint.y
      value: -6.923383
      objectReference: {fileID: 0}
    - target: {fileID: 137318599413094744, guid: 86a9c37bec105c0429d8f827db2e9590,
        type: 3}
      propertyPath: m_LocalEulerAnglesHint.z
      value: -2.6705036
      objectReference: {fileID: 0}
    - target: {fileID: 212715414469561919, guid: 86a9c37bec105c0429d8f827db2e9590,
        type: 3}
      propertyPath: m_LocalEulerAnglesHint.x
      value: -1.1271769
      objectReference: {fileID: 0}
    - target: {fileID: 212715414469561919, guid: 86a9c37bec105c0429d8f827db2e9590,
        type: 3}
      propertyPath: m_LocalEulerAnglesHint.y
      value: -11.252726
      objectReference: {fileID: 0}
    - target: {fileID: 212715414469561919, guid: 86a9c37bec105c0429d8f827db2e9590,
        type: 3}
      propertyPath: m_LocalEulerAnglesHint.z
      value: 8.631104
      objectReference: {fileID: 0}
    - target: {fileID: 526549001883353662, guid: 86a9c37bec105c0429d8f827db2e9590,
        type: 3}
      propertyPath: m_LocalEulerAnglesHint.x
      value: -3.4562094
      objectReference: {fileID: 0}
    - target: {fileID: 526549001883353662, guid: 86a9c37bec105c0429d8f827db2e9590,
        type: 3}
      propertyPath: m_LocalEulerAnglesHint.y
      value: -2.1405694
      objectReference: {fileID: 0}
    - target: {fileID: 526549001883353662, guid: 86a9c37bec105c0429d8f827db2e9590,
        type: 3}
      propertyPath: m_LocalEulerAnglesHint.z
      value: 2.1054518
      objectReference: {fileID: 0}
    - target: {fileID: 997247230450803711, guid: 86a9c37bec105c0429d8f827db2e9590,
        type: 3}
      propertyPath: m_LocalEulerAnglesHint.x
      value: -0.7323177
      objectReference: {fileID: 0}
    - target: {fileID: 997247230450803711, guid: 86a9c37bec105c0429d8f827db2e9590,
        type: 3}
      propertyPath: m_LocalEulerAnglesHint.y
      value: 0.72734576
      objectReference: {fileID: 0}
    - target: {fileID: 997247230450803711, guid: 86a9c37bec105c0429d8f827db2e9590,
        type: 3}
      propertyPath: m_LocalEulerAnglesHint.z
      value: 22.048374
      objectReference: {fileID: 0}
    - target: {fileID: 1448047676755101156, guid: 86a9c37bec105c0429d8f827db2e9590,
        type: 3}
      propertyPath: m_LocalEulerAnglesHint.x
      value: -13.359517
      objectReference: {fileID: 0}
    - target: {fileID: 1448047676755101156, guid: 86a9c37bec105c0429d8f827db2e9590,
        type: 3}
      propertyPath: m_LocalEulerAnglesHint.y
      value: 3.0911126
      objectReference: {fileID: 0}
    - target: {fileID: 1448047676755101156, guid: 86a9c37bec105c0429d8f827db2e9590,
        type: 3}
      propertyPath: m_LocalEulerAnglesHint.z
      value: -14.148119
      objectReference: {fileID: 0}
    - target: {fileID: 1533225237958402130, guid: 86a9c37bec105c0429d8f827db2e9590,
        type: 3}
      propertyPath: m_LocalEulerAnglesHint.x
      value: 4.2784123
      objectReference: {fileID: 0}
    - target: {fileID: 1533225237958402130, guid: 86a9c37bec105c0429d8f827db2e9590,
        type: 3}
      propertyPath: m_LocalEulerAnglesHint.y
      value: 11.021376
      objectReference: {fileID: 0}
    - target: {fileID: 1533225237958402130, guid: 86a9c37bec105c0429d8f827db2e9590,
        type: 3}
      propertyPath: m_LocalEulerAnglesHint.z
      value: -27.091196
      objectReference: {fileID: 0}
    - target: {fileID: 1613277746394286570, guid: 86a9c37bec105c0429d8f827db2e9590,
        type: 3}
      propertyPath: m_LocalEulerAnglesHint.x
      value: 0.6898563
      objectReference: {fileID: 0}
    - target: {fileID: 1613277746394286570, guid: 86a9c37bec105c0429d8f827db2e9590,
        type: 3}
      propertyPath: m_LocalEulerAnglesHint.y
      value: 11.837902
      objectReference: {fileID: 0}
    - target: {fileID: 1613277746394286570, guid: 86a9c37bec105c0429d8f827db2e9590,
        type: 3}
      propertyPath: m_LocalEulerAnglesHint.z
      value: -0.29994082
      objectReference: {fileID: 0}
    - target: {fileID: 2153068292872190278, guid: 86a9c37bec105c0429d8f827db2e9590,
        type: 3}
      propertyPath: m_LocalEulerAnglesHint.x
      value: 1.8785248
      objectReference: {fileID: 0}
    - target: {fileID: 2153068292872190278, guid: 86a9c37bec105c0429d8f827db2e9590,
        type: 3}
      propertyPath: m_LocalEulerAnglesHint.y
      value: -4.6611333
      objectReference: {fileID: 0}
    - target: {fileID: 2153068292872190278, guid: 86a9c37bec105c0429d8f827db2e9590,
        type: 3}
      propertyPath: m_LocalEulerAnglesHint.z
      value: 4.449067
      objectReference: {fileID: 0}
    - target: {fileID: 2872424391829709556, guid: 86a9c37bec105c0429d8f827db2e9590,
        type: 3}
      propertyPath: m_LocalEulerAnglesHint.x
      value: 11.580429
      objectReference: {fileID: 0}
    - target: {fileID: 2872424391829709556, guid: 86a9c37bec105c0429d8f827db2e9590,
        type: 3}
      propertyPath: m_LocalEulerAnglesHint.y
      value: -3.881183
      objectReference: {fileID: 0}
    - target: {fileID: 2872424391829709556, guid: 86a9c37bec105c0429d8f827db2e9590,
        type: 3}
      propertyPath: m_LocalEulerAnglesHint.z
      value: -1.7834009
      objectReference: {fileID: 0}
    - target: {fileID: 2904719361791672985, guid: 86a9c37bec105c0429d8f827db2e9590,
        type: 3}
      propertyPath: m_LocalEulerAnglesHint.x
      value: 0.62718654
      objectReference: {fileID: 0}
    - target: {fileID: 2904719361791672985, guid: 86a9c37bec105c0429d8f827db2e9590,
        type: 3}
      propertyPath: m_LocalEulerAnglesHint.y
      value: 1.3662614
      objectReference: {fileID: 0}
    - target: {fileID: 2904719361791672985, guid: 86a9c37bec105c0429d8f827db2e9590,
        type: 3}
      propertyPath: m_LocalEulerAnglesHint.z
      value: 16.567442
      objectReference: {fileID: 0}
    - target: {fileID: 2944383467183692172, guid: 86a9c37bec105c0429d8f827db2e9590,
        type: 3}
      propertyPath: m_LocalEulerAnglesHint.x
      value: 2.4342332
      objectReference: {fileID: 0}
    - target: {fileID: 2944383467183692172, guid: 86a9c37bec105c0429d8f827db2e9590,
        type: 3}
      propertyPath: m_LocalEulerAnglesHint.y
      value: 25.967672
      objectReference: {fileID: 0}
    - target: {fileID: 2944383467183692172, guid: 86a9c37bec105c0429d8f827db2e9590,
        type: 3}
      propertyPath: m_LocalEulerAnglesHint.z
      value: 18.105543
      objectReference: {fileID: 0}
    - target: {fileID: 3052617099235544485, guid: 86a9c37bec105c0429d8f827db2e9590,
        type: 3}
      propertyPath: WeaponCollider
      value: 
      objectReference: {fileID: 0}
    - target: {fileID: 3052617099235544485, guid: 86a9c37bec105c0429d8f827db2e9590,
        type: 3}
      propertyPath: movementComponent
      value: 
      objectReference: {fileID: 1269731372}
    - target: {fileID: 3052617099235544485, guid: 86a9c37bec105c0429d8f827db2e9590,
        type: 3}
      propertyPath: currentWeapon
      value: 
      objectReference: {fileID: 3322438377720671692}
    - target: {fileID: 3052617101066748887, guid: 86a9c37bec105c0429d8f827db2e9590,
        type: 3}
      propertyPath: m_Convex
      value: 0
      objectReference: {fileID: 0}
    - target: {fileID: 3052617101066748887, guid: 86a9c37bec105c0429d8f827db2e9590,
        type: 3}
      propertyPath: m_IsTrigger
      value: 0
      objectReference: {fileID: 0}
    - target: {fileID: 3052617101066748887, guid: 86a9c37bec105c0429d8f827db2e9590,
        type: 3}
      propertyPath: m_Mesh
      value: 
      objectReference: {fileID: -4735245474628318203, guid: 76836c3582e04de439da418e51f2fc45,
        type: 3}
    - target: {fileID: 3196807971574966033, guid: 86a9c37bec105c0429d8f827db2e9590,
        type: 3}
      propertyPath: damageRadius
      value: 0.72
      objectReference: {fileID: 0}
    - target: {fileID: 3254744342049829972, guid: 86a9c37bec105c0429d8f827db2e9590,
        type: 3}
      propertyPath: m_LocalEulerAnglesHint.x
      value: -2.2450454
      objectReference: {fileID: 0}
    - target: {fileID: 3254744342049829972, guid: 86a9c37bec105c0429d8f827db2e9590,
        type: 3}
      propertyPath: m_LocalEulerAnglesHint.y
      value: 0.014616098
      objectReference: {fileID: 0}
    - target: {fileID: 3254744342049829972, guid: 86a9c37bec105c0429d8f827db2e9590,
        type: 3}
      propertyPath: m_LocalEulerAnglesHint.z
      value: 34.673206
      objectReference: {fileID: 0}
    - target: {fileID: 4431183531974281459, guid: 86a9c37bec105c0429d8f827db2e9590,
        type: 3}
      propertyPath: m_LocalEulerAnglesHint.x
      value: 45.569893
      objectReference: {fileID: 0}
    - target: {fileID: 4431183531974281459, guid: 86a9c37bec105c0429d8f827db2e9590,
        type: 3}
      propertyPath: m_LocalEulerAnglesHint.y
      value: 1.070034
      objectReference: {fileID: 0}
    - target: {fileID: 4431183531974281459, guid: 86a9c37bec105c0429d8f827db2e9590,
        type: 3}
      propertyPath: m_LocalEulerAnglesHint.z
      value: 11.972978
      objectReference: {fileID: 0}
    - target: {fileID: 4462022943567613495, guid: 86a9c37bec105c0429d8f827db2e9590,
        type: 3}
      propertyPath: m_LocalEulerAnglesHint.x
      value: -24.096561
      objectReference: {fileID: 0}
    - target: {fileID: 4462022943567613495, guid: 86a9c37bec105c0429d8f827db2e9590,
        type: 3}
      propertyPath: m_LocalEulerAnglesHint.y
      value: 1.7034502
      objectReference: {fileID: 0}
    - target: {fileID: 4462022943567613495, guid: 86a9c37bec105c0429d8f827db2e9590,
        type: 3}
      propertyPath: m_LocalEulerAnglesHint.z
      value: 4.97598
      objectReference: {fileID: 0}
    - target: {fileID: 4565803500834137684, guid: 86a9c37bec105c0429d8f827db2e9590,
        type: 3}
      propertyPath: m_LocalEulerAnglesHint.x
      value: -35.375336
      objectReference: {fileID: 0}
    - target: {fileID: 4565803500834137684, guid: 86a9c37bec105c0429d8f827db2e9590,
        type: 3}
      propertyPath: m_LocalEulerAnglesHint.y
      value: 33.129025
      objectReference: {fileID: 0}
    - target: {fileID: 4565803500834137684, guid: 86a9c37bec105c0429d8f827db2e9590,
        type: 3}
      propertyPath: m_LocalEulerAnglesHint.z
      value: 6.770862
      objectReference: {fileID: 0}
    - target: {fileID: 4580210207285320833, guid: 86a9c37bec105c0429d8f827db2e9590,
        type: 3}
      propertyPath: m_LocalEulerAnglesHint.x
      value: -0.19479144
      objectReference: {fileID: 0}
    - target: {fileID: 4580210207285320833, guid: 86a9c37bec105c0429d8f827db2e9590,
        type: 3}
      propertyPath: m_LocalEulerAnglesHint.y
      value: -19.81214
      objectReference: {fileID: 0}
    - target: {fileID: 4580210207285320833, guid: 86a9c37bec105c0429d8f827db2e9590,
        type: 3}
      propertyPath: m_LocalEulerAnglesHint.z
      value: -14.766483
      objectReference: {fileID: 0}
    - target: {fileID: 4676653582178657116, guid: 86a9c37bec105c0429d8f827db2e9590,
        type: 3}
      propertyPath: m_LocalEulerAnglesHint.x
      value: -1.25021
      objectReference: {fileID: 0}
    - target: {fileID: 4676653582178657116, guid: 86a9c37bec105c0429d8f827db2e9590,
        type: 3}
      propertyPath: m_LocalEulerAnglesHint.y
      value: -1.8728821
      objectReference: {fileID: 0}
    - target: {fileID: 4676653582178657116, guid: 86a9c37bec105c0429d8f827db2e9590,
        type: 3}
      propertyPath: m_LocalEulerAnglesHint.z
      value: 14.470078
      objectReference: {fileID: 0}
    - target: {fileID: 4733521905737923827, guid: 86a9c37bec105c0429d8f827db2e9590,
        type: 3}
      propertyPath: m_LocalEulerAnglesHint.x
      value: -0.8221692
      objectReference: {fileID: 0}
    - target: {fileID: 4733521905737923827, guid: 86a9c37bec105c0429d8f827db2e9590,
        type: 3}
      propertyPath: m_LocalEulerAnglesHint.y
      value: 0.22791752
      objectReference: {fileID: 0}
    - target: {fileID: 4733521905737923827, guid: 86a9c37bec105c0429d8f827db2e9590,
        type: 3}
      propertyPath: m_LocalEulerAnglesHint.z
      value: 16.7432
      objectReference: {fileID: 0}
    - target: {fileID: 5208545072837450168, guid: 86a9c37bec105c0429d8f827db2e9590,
        type: 3}
      propertyPath: m_LocalEulerAnglesHint.x
      value: -2.9732018
      objectReference: {fileID: 0}
    - target: {fileID: 5208545072837450168, guid: 86a9c37bec105c0429d8f827db2e9590,
        type: 3}
      propertyPath: m_LocalEulerAnglesHint.y
      value: -7.6591644
      objectReference: {fileID: 0}
    - target: {fileID: 5208545072837450168, guid: 86a9c37bec105c0429d8f827db2e9590,
        type: 3}
      propertyPath: m_LocalEulerAnglesHint.z
      value: -8.721841
      objectReference: {fileID: 0}
    - target: {fileID: 5625470615069031707, guid: 86a9c37bec105c0429d8f827db2e9590,
        type: 3}
      propertyPath: m_LocalEulerAnglesHint.x
      value: -12.462589
      objectReference: {fileID: 0}
    - target: {fileID: 5625470615069031707, guid: 86a9c37bec105c0429d8f827db2e9590,
        type: 3}
      propertyPath: m_LocalEulerAnglesHint.y
      value: 10.680688
      objectReference: {fileID: 0}
    - target: {fileID: 5625470615069031707, guid: 86a9c37bec105c0429d8f827db2e9590,
        type: 3}
      propertyPath: m_LocalEulerAnglesHint.z
      value: 23.878365
      objectReference: {fileID: 0}
    - target: {fileID: 5978764231430164520, guid: 86a9c37bec105c0429d8f827db2e9590,
        type: 3}
      propertyPath: m_LocalEulerAnglesHint.x
      value: 0.052374963
      objectReference: {fileID: 0}
    - target: {fileID: 5978764231430164520, guid: 86a9c37bec105c0429d8f827db2e9590,
        type: 3}
      propertyPath: m_LocalEulerAnglesHint.y
      value: 0.45672852
      objectReference: {fileID: 0}
    - target: {fileID: 5978764231430164520, guid: 86a9c37bec105c0429d8f827db2e9590,
        type: 3}
      propertyPath: m_LocalEulerAnglesHint.z
      value: 7.5679717
      objectReference: {fileID: 0}
    - target: {fileID: 6448308052968465561, guid: 86a9c37bec105c0429d8f827db2e9590,
        type: 3}
      propertyPath: m_Name
      value: Character
      objectReference: {fileID: 0}
    - target: {fileID: 6567040472303671692, guid: 86a9c37bec105c0429d8f827db2e9590,
        type: 3}
      propertyPath: m_LocalEulerAnglesHint.x
      value: -0.7068671
      objectReference: {fileID: 0}
    - target: {fileID: 6567040472303671692, guid: 86a9c37bec105c0429d8f827db2e9590,
        type: 3}
      propertyPath: m_LocalEulerAnglesHint.y
      value: 0.5854092
      objectReference: {fileID: 0}
    - target: {fileID: 6567040472303671692, guid: 86a9c37bec105c0429d8f827db2e9590,
        type: 3}
      propertyPath: m_LocalEulerAnglesHint.z
      value: 18.887897
      objectReference: {fileID: 0}
    - target: {fileID: 6675587397814038399, guid: 86a9c37bec105c0429d8f827db2e9590,
        type: 3}
      propertyPath: m_LocalEulerAnglesHint.x
      value: 30.100512
      objectReference: {fileID: 0}
    - target: {fileID: 6675587397814038399, guid: 86a9c37bec105c0429d8f827db2e9590,
        type: 3}
      propertyPath: m_LocalEulerAnglesHint.y
      value: 6.1662235
      objectReference: {fileID: 0}
    - target: {fileID: 6675587397814038399, guid: 86a9c37bec105c0429d8f827db2e9590,
        type: 3}
      propertyPath: m_LocalEulerAnglesHint.z
      value: -6.3866806
      objectReference: {fileID: 0}
    - target: {fileID: 6903141066939554456, guid: 86a9c37bec105c0429d8f827db2e9590,
        type: 3}
      propertyPath: m_LocalEulerAnglesHint.x
      value: -1.2241093
      objectReference: {fileID: 0}
    - target: {fileID: 6903141066939554456, guid: 86a9c37bec105c0429d8f827db2e9590,
        type: 3}
      propertyPath: m_LocalEulerAnglesHint.y
      value: 5.7753487
      objectReference: {fileID: 0}
    - target: {fileID: 6903141066939554456, guid: 86a9c37bec105c0429d8f827db2e9590,
        type: 3}
      propertyPath: m_LocalEulerAnglesHint.z
      value: 0.06194836
      objectReference: {fileID: 0}
    - target: {fileID: 7125726222282415564, guid: 86a9c37bec105c0429d8f827db2e9590,
        type: 3}
      propertyPath: m_LocalEulerAnglesHint.x
      value: 50.420944
      objectReference: {fileID: 0}
    - target: {fileID: 7125726222282415564, guid: 86a9c37bec105c0429d8f827db2e9590,
        type: 3}
      propertyPath: m_LocalEulerAnglesHint.y
      value: -6.7923164
      objectReference: {fileID: 0}
    - target: {fileID: 7125726222282415564, guid: 86a9c37bec105c0429d8f827db2e9590,
        type: 3}
      propertyPath: m_LocalEulerAnglesHint.z
      value: -8.617979
      objectReference: {fileID: 0}
    - target: {fileID: 7329044048449642183, guid: 86a9c37bec105c0429d8f827db2e9590,
        type: 3}
      propertyPath: m_LocalEulerAnglesHint.x
      value: 34.80021
      objectReference: {fileID: 0}
    - target: {fileID: 7329044048449642183, guid: 86a9c37bec105c0429d8f827db2e9590,
        type: 3}
      propertyPath: m_LocalEulerAnglesHint.y
      value: -61.591187
      objectReference: {fileID: 0}
    - target: {fileID: 7329044048449642183, guid: 86a9c37bec105c0429d8f827db2e9590,
        type: 3}
      propertyPath: m_LocalEulerAnglesHint.z
      value: -24.098303
      objectReference: {fileID: 0}
    - target: {fileID: 7403039876208836024, guid: 86a9c37bec105c0429d8f827db2e9590,
        type: 3}
      propertyPath: m_LocalEulerAnglesHint.x
      value: 2.9944854
      objectReference: {fileID: 0}
    - target: {fileID: 7403039876208836024, guid: 86a9c37bec105c0429d8f827db2e9590,
        type: 3}
      propertyPath: m_LocalEulerAnglesHint.y
      value: -7.9350696
      objectReference: {fileID: 0}
    - target: {fileID: 7403039876208836024, guid: 86a9c37bec105c0429d8f827db2e9590,
        type: 3}
      propertyPath: m_LocalEulerAnglesHint.z
      value: 13.69434
      objectReference: {fileID: 0}
    - target: {fileID: 7598099421183821030, guid: 86a9c37bec105c0429d8f827db2e9590,
        type: 3}
      propertyPath: m_LocalEulerAnglesHint.x
      value: 0.46696436
      objectReference: {fileID: 0}
    - target: {fileID: 7598099421183821030, guid: 86a9c37bec105c0429d8f827db2e9590,
        type: 3}
      propertyPath: m_LocalEulerAnglesHint.y
      value: 1.0185083
      objectReference: {fileID: 0}
    - target: {fileID: 7598099421183821030, guid: 86a9c37bec105c0429d8f827db2e9590,
        type: 3}
      propertyPath: m_LocalEulerAnglesHint.z
      value: 12.993836
      objectReference: {fileID: 0}
    - target: {fileID: 7785125789551100593, guid: 86a9c37bec105c0429d8f827db2e9590,
        type: 3}
      propertyPath: m_LocalEulerAnglesHint.x
      value: 0.13215555
      objectReference: {fileID: 0}
    - target: {fileID: 7785125789551100593, guid: 86a9c37bec105c0429d8f827db2e9590,
        type: 3}
      propertyPath: m_LocalEulerAnglesHint.y
      value: 0.20086928
      objectReference: {fileID: 0}
    - target: {fileID: 7785125789551100593, guid: 86a9c37bec105c0429d8f827db2e9590,
        type: 3}
      propertyPath: m_LocalEulerAnglesHint.z
      value: 4.6026597
      objectReference: {fileID: 0}
    - target: {fileID: 8009555019679340170, guid: 86a9c37bec105c0429d8f827db2e9590,
        type: 3}
      propertyPath: m_LocalPosition.x
      value: 4.12
      objectReference: {fileID: 0}
    - target: {fileID: 8009555019679340170, guid: 86a9c37bec105c0429d8f827db2e9590,
        type: 3}
      propertyPath: m_LocalPosition.y
      value: 0
      objectReference: {fileID: 0}
    - target: {fileID: 8009555019679340170, guid: 86a9c37bec105c0429d8f827db2e9590,
        type: 3}
      propertyPath: m_LocalPosition.z
      value: -9.17
      objectReference: {fileID: 0}
    - target: {fileID: 8009555019679340170, guid: 86a9c37bec105c0429d8f827db2e9590,
        type: 3}
      propertyPath: m_LocalRotation.x
      value: -0
      objectReference: {fileID: 0}
    - target: {fileID: 8009555019679340170, guid: 86a9c37bec105c0429d8f827db2e9590,
        type: 3}
      propertyPath: m_LocalRotation.y
      value: 0.46073386
      objectReference: {fileID: 0}
    - target: {fileID: 8009555019679340170, guid: 86a9c37bec105c0429d8f827db2e9590,
        type: 3}
      propertyPath: m_LocalRotation.z
      value: -0
      objectReference: {fileID: 0}
    - target: {fileID: 8009555019679340170, guid: 86a9c37bec105c0429d8f827db2e9590,
        type: 3}
      propertyPath: m_LocalRotation.w
      value: 0.8875384
      objectReference: {fileID: 0}
    - target: {fileID: 8009555019679340170, guid: 86a9c37bec105c0429d8f827db2e9590,
        type: 3}
      propertyPath: m_RootOrder
      value: 3
      objectReference: {fileID: 0}
    - target: {fileID: 8009555019679340170, guid: 86a9c37bec105c0429d8f827db2e9590,
        type: 3}
      propertyPath: m_LocalEulerAnglesHint.x
      value: 0
      objectReference: {fileID: 0}
    - target: {fileID: 8009555019679340170, guid: 86a9c37bec105c0429d8f827db2e9590,
        type: 3}
      propertyPath: m_LocalEulerAnglesHint.y
      value: 54.869003
      objectReference: {fileID: 0}
    - target: {fileID: 8009555019679340170, guid: 86a9c37bec105c0429d8f827db2e9590,
        type: 3}
      propertyPath: m_LocalEulerAnglesHint.z
      value: 0
      objectReference: {fileID: 0}
    - target: {fileID: 8026660878115366759, guid: 86a9c37bec105c0429d8f827db2e9590,
        type: 3}
      propertyPath: m_LocalEulerAnglesHint.x
      value: 1.9942881
      objectReference: {fileID: 0}
    - target: {fileID: 8026660878115366759, guid: 86a9c37bec105c0429d8f827db2e9590,
        type: 3}
      propertyPath: m_LocalEulerAnglesHint.y
      value: -6.2868457
      objectReference: {fileID: 0}
    - target: {fileID: 8026660878115366759, guid: 86a9c37bec105c0429d8f827db2e9590,
        type: 3}
      propertyPath: m_LocalEulerAnglesHint.z
      value: 22.17286
      objectReference: {fileID: 0}
    - target: {fileID: 8473761174488490437, guid: 86a9c37bec105c0429d8f827db2e9590,
        type: 3}
      propertyPath: m_LocalEulerAnglesHint.x
      value: 8.101753
      objectReference: {fileID: 0}
    - target: {fileID: 8473761174488490437, guid: 86a9c37bec105c0429d8f827db2e9590,
        type: 3}
      propertyPath: m_LocalEulerAnglesHint.y
      value: -70.80457
      objectReference: {fileID: 0}
    - target: {fileID: 8473761174488490437, guid: 86a9c37bec105c0429d8f827db2e9590,
        type: 3}
      propertyPath: m_LocalEulerAnglesHint.z
      value: 4.133771
      objectReference: {fileID: 0}
    - target: {fileID: 8714695201693134252, guid: 86a9c37bec105c0429d8f827db2e9590,
        type: 3}
      propertyPath: m_LocalEulerAnglesHint.x
      value: 7.288705
      objectReference: {fileID: 0}
    - target: {fileID: 8714695201693134252, guid: 86a9c37bec105c0429d8f827db2e9590,
        type: 3}
      propertyPath: m_LocalEulerAnglesHint.y
      value: -7.476678
      objectReference: {fileID: 0}
    - target: {fileID: 8714695201693134252, guid: 86a9c37bec105c0429d8f827db2e9590,
        type: 3}
      propertyPath: m_LocalEulerAnglesHint.z
      value: -2.6818738
      objectReference: {fileID: 0}
    - target: {fileID: 8715129113323273153, guid: 86a9c37bec105c0429d8f827db2e9590,
        type: 3}
      propertyPath: m_LocalEulerAnglesHint.x
      value: 5.6472945
      objectReference: {fileID: 0}
    - target: {fileID: 8715129113323273153, guid: 86a9c37bec105c0429d8f827db2e9590,
        type: 3}
      propertyPath: m_LocalEulerAnglesHint.y
      value: -8.5220995
      objectReference: {fileID: 0}
    - target: {fileID: 8715129113323273153, guid: 86a9c37bec105c0429d8f827db2e9590,
        type: 3}
      propertyPath: m_LocalEulerAnglesHint.z
      value: -0.017060991
      objectReference: {fileID: 0}
    - target: {fileID: 9160654817222902422, guid: 86a9c37bec105c0429d8f827db2e9590,
        type: 3}
      propertyPath: m_LocalEulerAnglesHint.x
      value: -45.129227
      objectReference: {fileID: 0}
    - target: {fileID: 9160654817222902422, guid: 86a9c37bec105c0429d8f827db2e9590,
        type: 3}
      propertyPath: m_LocalEulerAnglesHint.y
      value: -4.410303
      objectReference: {fileID: 0}
    - target: {fileID: 9160654817222902422, guid: 86a9c37bec105c0429d8f827db2e9590,
        type: 3}
      propertyPath: m_LocalEulerAnglesHint.z
      value: -13.840611
      objectReference: {fileID: 0}
    - target: {fileID: 9164583619348268481, guid: 86a9c37bec105c0429d8f827db2e9590,
        type: 3}
      propertyPath: m_LocalEulerAnglesHint.x
      value: 5.458638
      objectReference: {fileID: 0}
    - target: {fileID: 9164583619348268481, guid: 86a9c37bec105c0429d8f827db2e9590,
        type: 3}
      propertyPath: m_LocalEulerAnglesHint.y
      value: -23.755596
      objectReference: {fileID: 0}
    - target: {fileID: 9164583619348268481, guid: 86a9c37bec105c0429d8f827db2e9590,
        type: 3}
      propertyPath: m_LocalEulerAnglesHint.z
      value: 31.230316
      objectReference: {fileID: 0}
    m_RemovedComponents:
    - {fileID: 3052617101066748887, guid: 86a9c37bec105c0429d8f827db2e9590, type: 3}
  m_SourcePrefab: {fileID: 100100000, guid: 86a9c37bec105c0429d8f827db2e9590, type: 3}
--- !u!114 &3322438377720671692 stripped
MonoBehaviour:
  m_CorrespondingSourceObject: {fileID: 3196807971574966033, guid: 86a9c37bec105c0429d8f827db2e9590,
    type: 3}
  m_PrefabInstance: {fileID: 3052617100131130765}
  m_PrefabAsset: {fileID: 0}
  m_GameObject: {fileID: 0}
  m_Enabled: 1
  m_EditorHideFlags: 0
  m_Script: {fileID: 11500000, guid: 5532b7395ff0d344bb677180b28cad9a, type: 3}
  m_Name: 
  m_EditorClassIdentifier: 
--- !u!4 &5006512736330730247 stripped
Transform:
  m_CorrespondingSourceObject: {fileID: 8009555019679340170, guid: 86a9c37bec105c0429d8f827db2e9590,
    type: 3}
  m_PrefabInstance: {fileID: 3052617100131130765}
  m_PrefabAsset: {fileID: 0}
--- !u!1001 &5969727114978477911
PrefabInstance:
  m_ObjectHideFlags: 0
  serializedVersion: 2
  m_Modification:
    m_TransformParent: {fileID: 0}
    m_Modifications:
    - target: {fileID: 1119863037, guid: 7cb02ceef9fafdd4c97b4ea6a2c47711, type: 3}
      propertyPath: m_Name
      value: WeaponRef
      objectReference: {fileID: 0}
    - target: {fileID: 6448308052968465561, guid: 7cb02ceef9fafdd4c97b4ea6a2c47711,
        type: 3}
      propertyPath: m_Name
      value: AI
      objectReference: {fileID: 0}
    - target: {fileID: 6448308052968465561, guid: 7cb02ceef9fafdd4c97b4ea6a2c47711,
        type: 3}
      propertyPath: m_IsActive
      value: 0
      objectReference: {fileID: 0}
    - target: {fileID: 7764404427862844309, guid: 7cb02ceef9fafdd4c97b4ea6a2c47711,
        type: 3}
      propertyPath: currentWeapon
      value: 
      objectReference: {fileID: 1119863039}
    - target: {fileID: 8009555019679340170, guid: 7cb02ceef9fafdd4c97b4ea6a2c47711,
        type: 3}
      propertyPath: m_LocalPosition.x
      value: -1.24
      objectReference: {fileID: 0}
    - target: {fileID: 8009555019679340170, guid: 7cb02ceef9fafdd4c97b4ea6a2c47711,
        type: 3}
      propertyPath: m_LocalPosition.y
      value: 0.02
      objectReference: {fileID: 0}
    - target: {fileID: 8009555019679340170, guid: 7cb02ceef9fafdd4c97b4ea6a2c47711,
        type: 3}
      propertyPath: m_LocalPosition.z
      value: -5.45
      objectReference: {fileID: 0}
    - target: {fileID: 8009555019679340170, guid: 7cb02ceef9fafdd4c97b4ea6a2c47711,
        type: 3}
      propertyPath: m_LocalRotation.x
      value: 0
      objectReference: {fileID: 0}
    - target: {fileID: 8009555019679340170, guid: 7cb02ceef9fafdd4c97b4ea6a2c47711,
        type: 3}
      propertyPath: m_LocalRotation.y
      value: 0.7071068
      objectReference: {fileID: 0}
    - target: {fileID: 8009555019679340170, guid: 7cb02ceef9fafdd4c97b4ea6a2c47711,
        type: 3}
      propertyPath: m_LocalRotation.z
      value: 0
      objectReference: {fileID: 0}
    - target: {fileID: 8009555019679340170, guid: 7cb02ceef9fafdd4c97b4ea6a2c47711,
        type: 3}
      propertyPath: m_LocalRotation.w
      value: 0.7071068
      objectReference: {fileID: 0}
    - target: {fileID: 8009555019679340170, guid: 7cb02ceef9fafdd4c97b4ea6a2c47711,
        type: 3}
      propertyPath: m_RootOrder
      value: 1
      objectReference: {fileID: 0}
    - target: {fileID: 8009555019679340170, guid: 7cb02ceef9fafdd4c97b4ea6a2c47711,
        type: 3}
      propertyPath: m_LocalEulerAnglesHint.x
      value: 0
      objectReference: {fileID: 0}
    - target: {fileID: 8009555019679340170, guid: 7cb02ceef9fafdd4c97b4ea6a2c47711,
        type: 3}
      propertyPath: m_LocalEulerAnglesHint.y
      value: 90
      objectReference: {fileID: 0}
    - target: {fileID: 8009555019679340170, guid: 7cb02ceef9fafdd4c97b4ea6a2c47711,
        type: 3}
      propertyPath: m_LocalEulerAnglesHint.z
      value: 0
      objectReference: {fileID: 0}
    m_RemovedComponents: []
  m_SourcePrefab: {fileID: 100100000, guid: 7cb02ceef9fafdd4c97b4ea6a2c47711, type: 3}
